timestamp,sequence,bid_px_00,bid_sz_00,bid_px_01,bid_sz_01,bid_px_02,bid_sz_02,bid_px_03,bid_sz_03,bid_px_04,bid_sz_04,bid_px_05,bid_sz_05,bid_px_06,bid_sz_06,bid_px_07,bid_sz_07,bid_px_08,bid_sz_08,bid_px_09,bid_sz_09,ask_px_00,ask_sz_00,ask_px_01,ask_sz_01,ask_px_02,ask_sz_02,ask_px_03,ask_sz_03,ask_px_04,ask_sz_04,ask_px_05,ask_sz_05,ask_px_06,ask_sz_06,ask_px_07,ask_sz_07,ask_px_08,ask_sz_08,ask_px_09,ask_sz_09
2025-07-17T08:05:03.360677248Z,851012,5.51,100,,,,,,,,,,,,,,,,,,,,,,,,,,,,,,,,,,,,,,
2025-07-17T08:05:03.360683462Z,851013,5.51,100,,,,,,,,,,,,,,,,,,,21.33,100,,,,,,,,,,,,,,,,,,
2025-07-17T08:05:03.361327319Z,851022,5.90,100,5.51,100,,,,,,,,,,,,,,,,,21.33,100,,,,,,,,,,,,,,,,,,
2025-07-17T08:05:03.361332576Z,851023,5.90,100,5.51,100,,,,,,,,,,,,,,,,,20.94,100,21.33,100,,,,,,,,,,,,,,,,
2025-07-17T08:09:48.860696464Z,1289631,5.90,100,,,,,,,,,,,,,,,,,,,20.94,100,21.33,100,,,,,,,,,,,,,,,,
2025-07-17T08:09:48.860705588Z,1289632,5.90,100,5.37,100,,,,,,,,,,,,,,,,,20.94,100,21.33,100,,,,,,,,,,,,,,,,
2025-07-17T08:09:49.157896784Z,1290626,5.37,100,,,,,,,,,,,,,,,,,,,20.94,100,21.33,100,,,,,,,,,,,,,,,,
2025-07-17T08:09:49.157903443Z,1290627,5.40,100,5.37,100,,,,,,,,,,,,,,,,,20.94,100,21.33,100,,,,,,,,,,,,,,,,
2025-07-17T08:09:49.157903798Z,1290628,5.40,100,5.37,100,,,,,,,,,,,,,,,,,21.33,100,,,,,,,,,,,,,,,,,,
2025-07-17T08:09:49.157909054Z,1290629,5.40,100,5.37,100,,,,,,,,,,,,,,,,,21.33,100,21.47,100,,,,,,,,,,,,,,,,
2025-07-17T11:00:00.125174985Z,10583317,5.40,100,,,,,,,,,,,,,,,,,,,21.33,100,21.47,100,,,,,,,,,,,,,,,,
2025-07-17T11:00:00.125182048Z,10583320,9.79,100,5.40,100,,,,,,,,,,,,,,,,,21.33,100,21.47,100,,,,,,,,,,,,,,,,
2025-07-17T11:00:00.125454029Z,10583363,9.79,100,,,,,,,,,,,,,,,,,,,21.33,100,21.47,100,,,,,,,,,,,,,,,,
2025-07-17T11:00:00.125460962Z,10583364,9.84,100,9.79,100,,,,,,,,,,,,,,,,,21.33,100,21.47,100,,,,,,,,,,,,,,,,
2025-07-17T11:00:07.975824831Z,10674471,9.84,100,9.79,100,,,,,,,,,,,,,,,,,21.47,100,,,,,,,,,,,,,,,,,,
2025-07-17T11:00:07.975837956Z,10674472,9.84,100,9.79,100,,,,,,,,,,,,,,,,,17.44,100,21.47,100,,,,,,,,,,,,,,,,
2025-07-17T11:00:07.975972618Z,10674473,9.84,100,9.79,100,,,,,,,,,,,,,,,,,17.44,100,,,,,,,,,,,,,,,,,,
2025-07-17T11:00:07.975979367Z,10674474,9.84,100,9.79,100,,,,,,,,,,,,,,,,,17.36,100,17.44,100,,,,,,,,,,,,,,,,
2025-07-17T11:00:08.254975294Z,10676310,9.84,100,9.79,100,,,,,,,,,,,,,,,,,17.36,100,,,,,,,,,,,,,,,,,,
2025-07-17T11:00:08.254985173Z,10676311,9.84,100,9.79,100,,,,,,,,,,,,,,,,,17.36,100,18.92,100,,,,,,,,,,,,,,,,
2025-07-17T11:00:08.255147130Z,10676314,9.84,100,9.79,100,,,,,,,,,,,,,,,,,18.92,100,,,,,,,,,,,,,,,,,,
2025-07-17T11:00:08.255155317Z,10676315,9.84,100,9.79,100,,,,,,,,,,,,,,,,,18.84,100,18.92,100,,,,,,,,,,,,,,,,
2025-07-17T11:00:08.255862656Z,10676320,9.84,100,9.79,100,,,,,,,,,,,,,,,,,18.84,100,,,,,,,,,,,,,,,,,,
2025-07-17T11:00:08.255871843Z,10676321,9.84,100,9.79,100,,,,,,,,,,,,,,,,,18.84,100,20.62,100,,,,,,,,,,,,,,,,
2025-07-17T11:00:08.256168895Z,10676324,9.84,100,9.79,100,,,,,,,,,,,,,,,,,20.62,100,,,,,,,,,,,,,,,,,,
2025-07-17T11:00:08.256175346Z,10676325,9.84,100,9.79,100,,,,,,,,,,,,,,,,,20.53,100,20.62,100,,,,,,,,,,,,,,,,
2025-07-17T11:00:08.256885010Z,10676333,9.84,100,9.79,100,,,,,,,,,,,,,,,,,20.53,100,,,,,,,,,,,,,,,,,,
2025-07-17T11:00:08.256892686Z,10676334,9.84,100,9.79,100,,,,,,,,,,,,,,,,,20.53,100,21.47,100,,,,,,,,,,,,,,,,
2025-07-17T11:00:08.257069458Z,10676335,9.84,100,9.79,100,,,,,,,,,,,,,,,,,21.47,100,,,,,,,,,,,,,,,,,,
2025-07-17T11:00:08.257076085Z,10676336,9.84,100,9.79,100,,,,,,,,,,,,,,,,,21.47,200,,,,,,,,,,,,,,,,,,
2025-07-17T11:01:05.260421351Z,10824633,9.84,100,9.79,100,,,,,,,,,,,,,,,,,21.47,100,,,,,,,,,,,,,,,,,,
2025-07-17T11:01:05.260445703Z,10824634,9.84,100,9.79,100,,,,,,,,,,,,,,,,,17.44,100,21.47,100,,,,,,,,,,,,,,,,
2025-07-17T11:01:05.260693130Z,10824635,9.84,100,9.79,100,,,,,,,,,,,,,,,,,17.44,100,,,,,,,,,,,,,,,,,,
2025-07-17T11:01:05.260709480Z,10824636,9.84,100,9.79,100,,,,,,,,,,,,,,,,,17.36,100,17.44,100,,,,,,,,,,,,,,,,
2025-07-17T11:56:26.691461161Z,14213017,9.84,100,,,,,,,,,,,,,,,,,,,17.36,100,17.44,100,,,,,,,,,,,,,,,,
2025-07-17T11:56:26.691465204Z,14213018,9.84,100,,,,,,,,,,,,,,,,,,,17.36,100,,,,,,,,,,,,,,,,,,
2025-07-17T11:56:26.694767820Z,14213075,9.84,100,9.79,100,,,,,,,,,,,,,,,,,17.36,100,,,,,,,,,,,,,,,,,,
2025-07-17T11:56:26.694772016Z,14213076,9.84,100,9.79,100,,,,,,,,,,,,,,,,,17.36,100,17.44,100,,,,,,,,,,,,,,,,
2025-07-17T11:56:30.445937099Z,14219824,9.84,100,9.79,100,,,,,,,,,,,,,,,,,17.36,100,,,,,,,,,,,,,,,,,,
2025-07-17T11:56:30.445951937Z,14219825,9.84,100,9.79,100,,,,,,,,,,,,,,,,,17.36,100,17.93,100,,,,,,,,,,,,,,,,
2025-07-17T11:56:30.446066952Z,14219826,9.84,100,9.79,100,,,,,,,,,,,,,,,,,17.36,100,,,,,,,,,,,,,,,,,,
2025-07-17T11:56:30.446084801Z,14219827,9.84,100,9.79,100,,,,,,,,,,,,,,,,,17.36,100,17.44,100,,,,,,,,,,,,,,,,
2025-07-17T11:56:30.446191769Z,14219828,9.84,100,9.79,100,,,,,,,,,,,,,,,,,17.44,100,,,,,,,,,,,,,,,,,,
2025-07-17T11:56:30.446213519Z,14219829,9.84,100,9.79,100,,,,,,,,,,,,,,,,,17.44,100,17.85,100,,,,,,,,,,,,,,,,
2025-07-17T11:56:30.446378732Z,14219830,9.84,100,9.79,100,,,,,,,,,,,,,,,,,17.44,100,,,,,,,,,,,,,,,,,,
2025-07-17T11:56:30.446558412Z,14219831,9.84,100,9.79,100,,,,,,,,,,,,,,,,,17.36,100,17.44,100,,,,,,,,,,,,,,,,
2025-07-17T11:57:30.222822537Z,14325877,9.79,100,,,,,,,,,,,,,,,,,,,17.36,100,17.44,100,,,,,,,,,,,,,,,,
2025-07-17T11:57:30.222823580Z,14325878,9.79,100,,,,,,,,,,,,,,,,,,,17.44,100,,,,,,,,,,,,,,,,,,
2025-07-17T11:57:30.223986626Z,14325937,9.84,100,9.79,100,,,,,,,,,,,,,,,,,17.44,100,,,,,,,,,,,,,,,,,,
2025-07-17T11:57:30.223991040Z,14325938,9.84,100,9.79,100,,,,,,,,,,,,,,,,,17.36,100,17.44,100,,,,,,,,,,,,,,,,
2025-07-17T12:30:01.317842911Z,16864046,9.84,100,9.79,100,,,,,,,,,,,,,,,,,17.36,100,17.44,100,20.48,100,,,,,,,,,,,,,,
2025-07-17T12:30:03.426300621Z,16882670,9.84,100,9.79,100,7.74,100,,,,,,,,,,,,,,,17.36,100,17.44,100,20.48,100,,,,,,,,,,,,,,
2025-07-17T12:30:03.426301523Z,16882671,9.84,100,9.79,100,7.74,100,,,,,,,,,,,,,,,17.36,100,17.44,100,20.48,200,,,,,,,,,,,,,,
2025-07-17T12:30:03.604533925Z,16886020,9.84,100,9.79,100,7.74,200,,,,,,,,,,,,,,,17.36,100,17.44,100,20.48,200,,,,,,,,,,,,,,
2025-07-17T12:30:51.178228608Z,17120703,9.84,100,9.79,100,7.74,200,,,,,,,,,,,,,,,17.36,100,17.44,100,20.48,300,,,,,,,,,,,,,,
2025-07-17T12:30:51.642959794Z,17122998,9.84,100,9.79,100,7.74,300,,,,,,,,,,,,,,,17.36,100,17.44,100,20.48,300,,,,,,,,,,,,,,
2025-07-17T13:15:00.032446132Z,23080007,9.84,100,9.79,100,7.74,300,,,,,,,,,,,,,,,17.36,100,20.48,300,,,,,,,,,,,,,,,,
2025-07-17T13:15:00.032483824Z,23080041,9.84,100,7.74,300,,,,,,,,,,,,,,,,,17.36,100,20.48,300,,,,,,,,,,,,,,,,
2025-07-17T13:15:00.058314138Z,23101369,9.84,100,7.74,300,,,,,,,,,,,,,,,,,20.48,300,,,,,,,,,,,,,,,,,,
2025-07-17T13:15:00.058371545Z,23101396,7.74,300,,,,,,,,,,,,,,,,,,,20.48,300,,,,,,,,,,,,,,,,,,
2025-07-17T13:15:01.925073727Z,23123943,7.74,400,,,,,,,,,,,,,,,,,,,20.48,300,,,,,,,,,,,,,,,,,,
2025-07-17T13:15:02.042741730Z,23124563,7.74,400,,,,,,,,,,,,,,,,,,,20.48,400,,,,,,,,,,,,,,,,,,
2025-07-17T13:17:49.831164624Z,23465434,7.74,500,,,,,,,,,,,,,,,,,,,20.48,400,,,,,,,,,,,,,,,,,,
2025-07-17T13:17:49.831544051Z,23465435,7.74,500,,,,,,,,,,,,,,,,,,,20.48,500,,,,,,,,,,,,,,,,,,
2025-07-17T13:19:57.597203040Z,23710201,8.74,100,7.74,500,,,,,,,,,,,,,,,,,20.48,500,,,,,,,,,,,,,,,,,,
2025-07-17T13:19:57.597291053Z,23710202,8.74,100,7.74,500,,,,,,,,,,,,,,,,,18.35,100,20.48,500,,,,,,,,,,,,,,,,
2025-07-17T13:19:58.492619751Z,23728432,8.74,100,7.74,500,,,,,,,,,,,,,,,,,18.24,100,18.35,100,20.48,500,,,,,,,,,,,,,,
2025-07-17T13:19:58.492634480Z,23728435,9.24,100,8.74,100,7.74,500,,,,,,,,,,,,,,,18.24,100,18.35,100,20.48,500,,,,,,,,,,,,,,
2025-07-17T13:20:00.525263842Z,23765825,9.24,100,8.74,100,7.74,500,,,,,,,,,,,,,,,18.35,100,20.48,500,,,,,,,,,,,,,,,,
2025-07-17T13:20:00.525264700Z,23765826,8.74,100,7.74,500,,,,,,,,,,,,,,,,,18.35,100,20.48,500,,,,,,,,,,,,,,,,
2025-07-17T13:25:00.157467184Z,24448205,7.74,500,,,,,,,,,,,,,,,,,,,18.35,100,20.48,500,,,,,,,,,,,,,,,,
2025-07-17T13:25:00.157473422Z,24448207,7.74,500,,,,,,,,,,,,,,,,,,,20.48,500,,,,,,,,,,,,,,,,,,
2025-07-17T13:25:01.732320109Z,24478872,7.74,600,,,,,,,,,,,,,,,,,,,20.48,500,,,,,,,,,,,,,,,,,,
2025-07-17T13:25:01.819282823Z,24480276,7.74,600,,,,,,,,,,,,,,,,,,,20.48,600,,,,,,,,,,,,,,,,,,
2025-07-17T13:28:08.191915168Z,25597187,7.74,700,,,,,,,,,,,,,,,,,,,20.48,600,,,,,,,,,,,,,,,,,,
2025-07-17T13:28:08.191982270Z,25597189,7.74,700,,,,,,,,,,,,,,,,,,,20.48,700,,,,,,,,,,,,,,,,,,
2025-07-17T13:28:21.011249114Z,25907820,7.74,700,,,,,,,,,,,,,,,,,,,18.32,700,20.48,700,,,,,,,,,,,,,,,,
2025-07-17T13:28:21.028865155Z,25917006,9.29,700,7.74,700,,,,,,,,,,,,,,,,,18.32,700,20.48,700,,,,,,,,,,,,,,,,
2025-07-17T13:28:30.048730211Z,26140646,9.67,100,9.29,700,7.74,700,,,,,,,,,,,,,,,18.32,700,20.48,700,,,,,,,,,,,,,,,,
2025-07-17T13:28:30.048741690Z,26140658,9.67,100,9.29,700,7.74,700,,,,,,,,,,,,,,,17.60,100,18.32,700,20.48,700,,,,,,,,,,,,,,
2025-07-17T13:28:30.051894007Z,26142104,9.99,100,9.67,100,9.29,700,7.74,700,,,,,,,,,,,,,17.60,100,18.32,700,20.48,700,,,,,,,,,,,,,,
2025-07-17T13:28:30.051907073Z,26142118,9.99,100,9.67,100,9.29,700,7.74,700,,,,,,,,,,,,,17.12,100,17.60,100,18.32,700,20.48,700,,,,,,,,,,,,
2025-07-17T13:28:30.256853564Z,26170917,9.99,100,9.67,200,9.29,700,7.74,700,,,,,,,,,,,,,17.12,100,17.60,100,18.32,700,20.48,700,,,,,,,,,,,,
2025-07-17T13:28:30.256865858Z,26170918,9.99,100,9.67,200,9.29,700,7.74,700,,,,,,,,,,,,,17.12,100,17.60,200,18.32,700,20.48,700,,,,,,,,,,,,
2025-07-17T13:28:30.277457031Z,26171531,9.99,200,9.67,200,9.29,700,7.74,700,,,,,,,,,,,,,17.12,100,17.60,200,18.32,700,20.48,700,,,,,,,,,,,,
2025-07-17T13:28:30.277470320Z,26171533,9.99,200,9.67,200,9.29,700,7.74,700,,,,,,,,,,,,,17.12,200,17.60,200,18.32,700,20.48,700,,,,,,,,,,,,
2025-07-17T13:28:30.613317490Z,26182390,9.99,200,9.67,200,9.29,700,9.13,100,7.74,700,,,,,,,,,,,17.12,200,17.60,200,18.32,700,20.48,700,,,,,,,,,,,,
2025-07-17T13:28:30.613329849Z,26182393,9.99,200,9.67,200,9.29,700,9.13,100,7.74,700,,,,,,,,,,,17.12,200,17.60,200,18.32,700,18.40,100,20.48,700,,,,,,,,,,
2025-07-17T13:28:41.476711173Z,26518296,9.99,200,9.67,200,9.29,700,9.13,100,7.84,100,7.74,700,,,,,,,,,17.12,200,17.60,200,18.32,700,18.40,100,20.48,700,,,,,,,,,,
2025-07-17T13:28:41.476722715Z,26518297,9.99,200,9.67,200,9.29,700,9.13,100,7.84,100,7.74,700,,,,,,,,,17.12,200,17.60,200,18.32,700,18.40,100,20.32,100,20.48,700,,,,,,,,
2025-07-17T13:28:46.014739305Z,26613800,9.99,200,9.67,200,9.29,700,9.13,100,7.84,100,7.74,700,,,,,,,,,15.30,100,17.12,200,17.60,200,18.32,700,18.40,100,20.32,100,20.48,700,,,,,,
2025-07-17T13:28:46.014802018Z,26613836,9.99,200,9.67,200,9.29,700,9.13,100,7.84,100,7.74,700,,,,,,,,,15.30,100,17.12,200,17.60,200,18.32,700,18.40,100,20.32,100,20.48,600,,,,,,
2025-07-17T13:28:46.014802018Z,26613836,9.99,200,9.67,200,9.29,700,9.13,100,7.84,100,7.74,700,,,,,,,,,15.30,100,17.12,200,17.60,200,18.32,700,18.40,100,19.58,100,20.32,100,20.48,600,,,,
2025-07-17T13:28:46.014803011Z,26613837,9.99,200,9.67,200,9.29,700,9.13,100,7.84,100,7.74,700,,,,,,,,,15.30,100,17.12,200,17.60,200,18.32,700,18.40,100,19.58,100,20.32,100,20.48,500,,,,
2025-07-17T13:28:46.014803011Z,26613837,9.99,200,9.67,200,9.29,700,9.13,100,7.84,100,7.74,700,,,,,,,,,15.30,100,17.12,200,17.60,200,18.32,700,18.40,100,19.58,200,20.32,100,20.48,500,,,,
2025-07-17T13:28:46.014804158Z,26613838,9.99,200,9.67,200,9.29,700,9.13,100,7.84,100,7.74,700,,,,,,,,,15.30,100,17.12,200,17.60,200,18.32,700,18.40,100,19.58,200,20.32,100,20.48,400,,,,
2025-07-17T13:28:46.014804158Z,26613838,9.99,200,9.67,200,9.29,700,9.13,100,7.84,100,7.74,700,,,,,,,,,15.30,100,17.12,200,17.60,200,18.32,700,18.40,100,19.58,300,20.32,100,20.48,400,,,,
2025-07-17T13:28:46.014804564Z,26613839,9.99,200,9.67,200,9.29,700,9.13,100,7.84,100,7.74,700,,,,,,,,,15.30,100,17.12,200,17.60,200,18.32,700,18.40,100,19.58,300,20.32,100,20.48,300,,,,
2025-07-17T13:28:46.014804564Z,26613839,9.99,200,9.67,200,9.29,700,9.13,100,7.84,100,7.74,700,,,,,,,,,15.30,100,17.12,200,17.60,200,18.32,700,18.40,100,19.58,400,20.32,100,20.48,300,,,,
2025-07-17T13:28:46.014805680Z,26613840,9.99,200,9.67,200,9.29,700,9.13,100,7.84,100,7.74,700,,,,,,,,,15.30,100,17.12,200,17.60,200,18.32,700,18.40,100,19.58,400,20.32,100,20.48,200,,,,
2025-07-17T13:28:46.014805680Z,26613840,9.99,200,9.67,200,9.29,700,9.13,100,7.84,100,7.74,700,,,,,,,,,15.30,100,17.12,200,17.60,200,18.32,700,18.40,100,19.58,500,20.32,100,20.48,200,,,,
2025-07-17T13:28:46.014805841Z,26613841,9.99,200,9.67,200,9.29,700,9.13,100,7.84,100,7.74,700,,,,,,,,,15.30,100,17.12,200,17.60,200,18.32,700,18.40,100,19.58,500,20.32,100,20.48,100,,,,
2025-07-17T13:28:46.014805841Z,26613841,9.99,200,9.67,200,9.29,700,9.13,100,7.84,100,7.74,700,,,,,,,,,15.30,100,17.12,200,17.60,200,18.32,700,18.40,100,19.58,600,20.32,100,20.48,100,,,,
2025-07-17T13:28:46.014807086Z,26613842,9.99,200,9.67,200,9.29,700,9.13,100,7.84,100,7.74,700,,,,,,,,,15.30,100,17.12,200,17.60,200,18.32,700,18.40,100,19.58,600,20.32,100,,,,,,
2025-07-17T13:28:46.014807086Z,26613842,9.99,200,9.67,200,9.29,700,9.13,100,7.84,100,7.74,700,,,,,,,,,15.30,100,17.12,200,17.60,200,18.32,700,18.40,100,19.58,700,20.32,100,,,,,,
2025-07-17T13:28:46.015523291Z,26614152,10.18,700,9.99,200,9.67,200,9.29,700,9.13,100,7.84,100,7.74,700,,,,,,,15.30,100,17.12,200,17.60,200,18.32,700,18.40,100,19.58,700,20.32,100,,,,,,
2025-07-17T13:28:46.015525315Z,26614155,10.18,700,9.99,200,9.67,200,9.29,700,9.13,100,7.84,100,7.74,700,,,,,,,15.30,100,16.11,700,17.12,200,17.60,200,18.32,700,18.40,100,19.58,700,20.32,100,,,,
2025-07-17T13:28:46.017209641Z,26614961,10.18,700,9.99,200,9.67,200,9.29,700,9.13,100,7.84,100,7.74,700,,,,,,,15.30,100,16.11,700,17.12,100,17.60,200,18.32,700,18.40,100,19.58,700,20.32,100,,,,
2025-07-17T13:28:46.017209641Z,26614961,10.18,700,9.99,200,9.67,200,9.29,700,9.13,100,7.84,100,7.74,700,,,,,,,15.30,100,16.11,700,16.38,100,17.12,100,17.60,200,18.32,700,18.40,100,19.58,700,20.32,100,,
2025-07-17T13:28:46.017260228Z,26614991,10.18,700,9.99,200,9.67,200,9.29,700,9.13,100,7.84,100,7.74,700,,,,,,,15.30,100,16.11,700,16.38,100,17.12,100,17.60,100,18.32,700,18.40,100,19.58,700,20.32,100,,
2025-07-17T13:28:46.017260228Z,26614991,10.18,700,9.99,200,9.67,200,9.29,700,9.13,100,7.84,100,7.74,700,,,,,,,15.30,100,16.11,700,16.38,100,16.83,100,17.12,100,17.60,100,18.32,700,18.40,100,19.58,700,20.32,100
2025-07-17T13:28:46.017531156Z,26615138,10.18,700,9.99,200,9.67,200,9.29,700,9.13,100,7.84,100,7.74,700,,,,,,,15.30,100,16.11,700,16.38,100,16.83,100,17.60,100,18.32,700,18.40,100,19.58,700,20.32,100,,
2025-07-17T13:28:46.017531156Z,26615138,10.18,700,9.99,200,9.67,200,9.29,700,9.13,100,7.84,100,7.74,700,,,,,,,15.30,100,16.11,700,16.38,200,16.83,100,17.60,100,18.32,700,18.40,100,19.58,700,20.32,100,,
2025-07-17T13:28:46.017657609Z,26615203,10.18,700,9.99,200,9.67,200,9.29,700,9.13,100,7.84,100,7.74,700,,,,,,,15.30,100,16.11,700,16.38,200,16.83,100,18.32,700,18.40,100,19.58,700,20.32,100,,,,
2025-07-17T13:28:46.017657609Z,26615203,10.18,700,9.99,200,9.67,200,9.29,700,9.13,100,7.84,100,7.74,700,,,,,,,15.30,100,16.11,700,16.38,200,16.83,200,18.32,700,18.40,100,19.58,700,20.32,100,,,,
2025-07-17T13:28:46.017721028Z,26615230,10.18,700,9.99,200,9.67,200,9.29,700,9.13,100,7.84,100,7.74,700,,,,,,,15.30,100,16.11,700,16.38,200,16.83,200,18.32,700,19.58,700,20.32,100,,,,,,
2025-07-17T13:28:46.017721028Z,26615230,10.18,700,9.99,200,9.67,200,9.29,700,9.13,100,7.84,100,7.74,700,,,,,,,15.30,100,16.11,700,16.38,200,16.83,200,17.60,100,18.32,700,19.58,700,20.32,100,,,,
2025-07-17T13:28:46.017837874Z,26615283,10.18,700,9.99,200,9.67,200,9.29,700,9.13,100,7.84,100,7.74,700,,,,,,,15.30,100,16.11,700,16.38,200,16.83,200,17.60,100,18.32,700,19.58,700,,,,,,
2025-07-17T13:28:46.017837874Z,26615283,10.18,700,9.99,200,9.67,200,9.29,700,9.13,100,7.84,100,7.74,700,,,,,,,15.30,100,16.11,700,16.38,200,16.83,200,17.60,100,18.32,700,19.44,100,19.58,700,,,,
2025-07-17T13:28:46.022095254Z,26616844,10.18,700,10.05,700,9.99,200,9.67,200,9.29,700,9.13,100,7.84,100,7.74,700,,,,,15.30,100,16.11,700,16.38,200,16.83,200,17.60,100,18.32,700,19.44,100,19.58,700,,,,
2025-07-17T13:28:46.022822832Z,26617168,10.18,700,10.05,700,9.99,200,9.67,200,9.29,700,9.13,100,7.84,100,7.74,700,,,,,15.30,100,16.11,700,16.30,700,16.38,200,16.83,200,17.60,100,18.32,700,19.44,100,19.58,700,,
2025-07-17T13:28:46.025816567Z,26618403,11.76,100,10.18,700,10.05,700,9.99,200,9.67,200,9.29,700,9.13,100,7.84,100,7.74,700,,,15.30,100,16.11,700,16.30,700,16.38,200,16.83,200,17.60,100,18.32,700,19.44,100,19.58,700,,
2025-07-17T13:28:46.025870563Z,26618436,11.76,100,10.18,700,10.05,700,9.99,200,9.67,200,9.29,700,9.13,100,7.84,100,7.74,600,,,15.30,100,16.11,700,16.30,700,16.38,200,16.83,200,17.60,100,18.32,700,19.44,100,19.58,700,,
2025-07-17T13:28:46.025870563Z,26618436,11.76,100,10.18,700,10.05,700,9.99,200,9.67,200,9.29,700,9.13,100,8.47,100,7.84,100,7.74,600,15.30,100,16.11,700,16.30,700,16.38,200,16.83,200,17.60,100,18.32,700,19.44,100,19.58,700,,
2025-07-17T13:28:46.025872146Z,26618438,11.76,100,10.18,700,10.05,700,9.99,200,9.67,200,9.29,700,9.13,100,8.47,100,7.84,100,7.74,500,15.30,100,16.11,700,16.30,700,16.38,200,16.83,200,17.60,100,18.32,700,19.44,100,19.58,700,,
2025-07-17T13:28:46.025872146Z,26618438,11.76,100,10.18,700,10.05,700,9.99,200,9.67,200,9.29,700,9.13,100,8.47,200,7.84,100,7.74,500,15.30,100,16.11,700,16.30,700,16.38,200,16.83,200,17.60,100,18.32,700,19.44,100,19.58,700,,
2025-07-17T13:28:46.025873388Z,26618439,11.76,100,10.18,700,10.05,700,9.99,200,9.67,200,9.29,700,9.13,100,8.47,200,7.84,100,7.74,400,15.30,100,16.11,700,16.30,700,16.38,200,16.83,200,17.60,100,18.32,700,19.44,100,19.58,700,,
2025-07-17T13:28:46.025873388Z,26618439,11.76,100,10.18,700,10.05,700,9.99,200,9.67,200,9.29,700,9.13,100,8.47,300,7.84,100,7.74,400,15.30,100,16.11,700,16.30,700,16.38,200,16.83,200,17.60,100,18.32,700,19.44,100,19.58,700,,
2025-07-17T13:28:46.025874774Z,26618441,11.76,100,10.18,700,10.05,700,9.99,200,9.67,200,9.29,700,9.13,100,8.47,300,7.84,100,7.74,300,15.30,100,16.11,700,16.30,700,16.38,200,16.83,200,17.60,100,18.32,700,19.44,100,19.58,700,,
2025-07-17T13:28:46.025874774Z,26618441,11.76,100,10.18,700,10.05,700,9.99,200,9.67,200,9.29,700,9.13,100,8.47,400,7.84,100,7.74,300,15.30,100,16.11,700,16.30,700,16.38,200,16.83,200,17.60,100,18.32,700,19.44,100,19.58,700,,
2025-07-17T13:28:46.025875041Z,26618442,11.76,100,10.18,700,10.05,700,9.99,200,9.67,200,9.29,700,9.13,100,8.47,400,7.84,100,7.74,200,15.30,100,16.11,700,16.30,700,16.38,200,16.83,200,17.60,100,18.32,700,19.44,100,19.58,700,,
2025-07-17T13:28:46.025875041Z,26618442,11.76,100,10.18,700,10.05,700,9.99,200,9.67,200,9.29,700,9.13,100,8.47,500,7.84,100,7.74,200,15.30,100,16.11,700,16.30,700,16.38,200,16.83,200,17.60,100,18.32,700,19.44,100,19.58,700,,
2025-07-17T13:28:46.025875401Z,26618443,11.76,100,10.18,700,10.05,700,9.99,200,9.67,200,9.29,700,9.13,100,8.47,500,7.84,100,7.74,100,15.30,100,16.11,700,16.30,700,16.38,200,16.83,200,17.60,100,18.32,700,19.44,100,19.58,700,,
2025-07-17T13:28:46.025875401Z,26618443,11.76,100,10.18,700,10.05,700,9.99,200,9.67,200,9.29,700,9.13,100,8.47,600,7.84,100,7.74,100,15.30,100,16.11,700,16.30,700,16.38,200,16.83,200,17.60,100,18.32,700,19.44,100,19.58,700,,
2025-07-17T13:28:46.025877502Z,26618447,11.76,100,10.18,700,10.05,700,9.99,200,9.67,200,9.29,700,9.13,100,8.47,600,7.84,100,,,15.30,100,16.11,700,16.30,700,16.38,200,16.83,200,17.60,100,18.32,700,19.44,100,19.58,700,,
2025-07-17T13:28:46.025877502Z,26618447,11.76,100,10.18,700,10.05,700,9.99,200,9.67,200,9.29,700,9.13,100,8.47,700,7.84,100,,,15.30,100,16.11,700,16.30,700,16.38,200,16.83,200,17.60,100,18.32,700,19.44,100,19.58,700,,
2025-07-17T13:28:46.027560174Z,26619144,11.76,100,10.18,700,10.05,700,9.99,100,9.67,200,9.29,700,9.13,100,8.47,700,7.84,100,,,15.30,100,16.11,700,16.30,700,16.38,200,16.83,200,17.60,100,18.32,700,19.44,100,19.58,700,,
2025-07-17T13:28:46.027560174Z,26619144,11.76,100,10.93,100,10.18,700,10.05,700,9.99,100,9.67,200,9.29,700,9.13,100,8.47,700,7.84,100,15.30,100,16.11,700,16.30,700,16.38,200,16.83,200,17.60,100,18.32,700,19.44,100,19.58,700,,
2025-07-17T13:28:46.029556957Z,26619966,11.76,100,10.93,100,10.18,700,10.05,700,9.99,100,9.67,100,9.29,700,9.13,100,8.47,700,7.84,100,15.30,100,16.11,700,16.30,700,16.38,200,16.83,200,17.60,100,18.32,700,19.44,100,19.58,700,,
2025-07-17T13:28:46.029556957Z,26619966,11.76,100,10.93,100,10.58,100,10.18,700,10.05,700,9.99,100,9.67,100,9.29,700,9.13,100,8.47,700,15.30,100,16.11,700,16.30,700,16.38,200,16.83,200,17.60,100,18.32,700,19.44,100,19.58,700,,
2025-07-17T13:28:46.029609064Z,26619999,11.76,100,10.93,100,10.58,100,10.18,700,10.05,700,9.99,100,9.67,100,9.29,700,9.13,100,8.47,700,15.30,100,16.11,700,16.30,700,16.38,200,16.83,200,17.60,100,18.32,700,19.44,100,19.58,700,,
2025-07-17T13:28:46.029609064Z,26619999,11.76,100,10.93,100,10.58,100,10.18,700,10.05,700,9.99,100,9.67,100,9.29,700,9.13,100,8.58,100,15.30,100,16.11,700,16.30,700,16.38,200,16.83,200,17.60,100,18.32,700,19.44,100,19.58,700,,
2025-07-17T13:28:46.031073916Z,26620530,11.76,100,10.93,100,10.58,100,10.18,700,10.05,700,9.99,100,9.67,100,9.29,700,8.58,100,8.47,700,15.30,100,16.11,700,16.30,700,16.38,200,16.83,200,17.60,100,18.32,700,19.44,100,19.58,700,,
2025-07-17T13:28:46.031073916Z,26620530,11.76,100,10.93,100,10.58,100,10.18,700,10.05,700,9.99,200,9.67,100,9.29,700,8.58,100,8.47,700,15.30,100,16.11,700,16.30,700,16.38,200,16.83,200,17.60,100,18.32,700,19.44,100,19.58,700,,
2025-07-17T13:28:46.037954661Z,26623213,11.76,100,10.93,100,10.58,100,10.18,700,10.05,700,9.99,200,9.29,700,8.58,100,8.47,700,,,15.30,100,16.11,700,16.30,700,16.38,200,16.83,200,17.60,100,18.32,700,19.44,100,19.58,700,,
2025-07-17T13:28:46.037954661Z,26623213,11.76,100,10.93,100,10.58,200,10.18,700,10.05,700,9.99,200,9.29,700,8.58,100,8.47,700,,,15.30,100,16.11,700,16.30,700,16.38,200,16.83,200,17.60,100,18.32,700,19.44,100,19.58,700,,
2025-07-17T13:28:46.042858782Z,26625366,11.76,100,10.93,100,10.58,200,10.18,700,10.05,700,9.99,100,9.29,700,8.58,100,8.47,700,,,15.30,100,16.11,700,16.30,700,16.38,200,16.83,200,17.60,100,18.32,700,19.44,100,19.58,700,,
2025-07-17T13:28:46.042858782Z,26625366,11.76,100,10.93,200,10.58,200,10.18,700,10.05,700,9.99,100,9.29,700,8.58,100,8.47,700,,,15.30,100,16.11,700,16.30,700,16.38,200,16.83,200,17.60,100,18.32,700,19.44,100,19.58,700,,
2025-07-17T13:28:52.312295020Z,26806665,11.76,100,10.93,200,10.75,700,10.58,200,10.18,700,10.05,700,9.99,100,9.29,700,8.58,100,8.47,700,15.30,100,16.11,700,16.30,700,16.38,200,16.83,200,17.60,100,18.32,700,19.44,100,19.58,700,,
2025-07-17T13:28:52.312330796Z,26806666,11.76,100,10.93,200,10.75,700,10.58,200,10.18,700,9.99,100,9.29,700,8.58,100,8.47,700,,,15.30,100,16.11,700,16.30,700,16.38,200,16.83,200,17.60,100,18.32,700,19.44,100,19.58,700,,
2025-07-17T13:28:52.512292648Z,26808221,11.76,100,10.99,700,10.93,200,10.75,700,10.58,200,10.18,700,9.99,100,9.29,700,8.58,100,8.47,700,15.30,100,16.11,700,16.30,700,16.38,200,16.83,200,17.60,100,18.32,700,19.44,100,19.58,700,,
2025-07-17T13:28:52.513090520Z,26808222,11.76,100,10.99,700,10.93,200,10.58,200,10.18,700,9.99,100,9.29,700,8.58,100,8.47,700,,,15.30,100,16.11,700,16.30,700,16.38,200,16.83,200,17.60,100,18.32,700,19.44,100,19.58,700,,
2025-07-17T13:28:53.957067631Z,26835971,11.76,100,10.99,700,10.93,200,10.58,200,10.18,700,9.99,100,9.29,700,8.58,100,8.47,700,,,15.30,100,16.11,700,16.15,700,16.30,700,16.38,200,16.83,200,17.60,100,18.32,700,19.44,100,19.58,700
2025-07-17T13:28:53.957116061Z,26835974,11.76,100,10.99,700,10.93,200,10.58,200,10.18,700,9.99,100,9.29,700,8.58,100,8.47,700,,,15.30,100,16.11,700,16.15,700,16.30,700,16.38,200,16.83,200,17.60,100,19.44,100,19.58,700,,
2025-07-17T13:28:54.128310778Z,26850111,11.76,100,10.99,700,10.93,200,10.58,200,10.18,700,9.99,800,9.29,700,8.58,100,8.47,700,,,15.30,100,16.11,700,16.15,700,16.30,700,16.38,200,16.83,200,17.60,100,19.44,100,19.58,700,,
2025-07-17T13:28:54.128338727Z,26850112,11.76,100,10.99,700,10.93,200,10.58,200,10.18,700,9.99,800,8.58,100,8.47,700,,,,,15.30,100,16.11,700,16.15,700,16.30,700,16.38,200,16.83,200,17.60,100,19.44,100,19.58,700,,
2025-07-17T13:28:54.328487063Z,26851888,11.76,100,10.99,700,10.93,200,10.58,200,10.26,700,10.18,700,9.99,800,8.58,100,8.47,700,,,15.30,100,16.11,700,16.15,700,16.30,700,16.38,200,16.83,200,17.60,100,19.44,100,19.58,700,,
2025-07-17T13:28:54.328519057Z,26851889,11.76,100,10.99,700,10.93,200,10.58,200,10.26,700,10.18,700,9.99,100,8.58,100,8.47,700,,,15.30,100,16.11,700,16.15,700,16.30,700,16.38,200,16.83,200,17.60,100,19.44,100,19.58,700,,
2025-07-17T13:28:54.477455479Z,26853475,11.76,100,11.14,700,10.99,700,10.93,200,10.58,200,10.26,700,10.18,700,9.99,100,8.58,100,8.47,700,15.30,100,16.11,700,16.15,700,16.30,700,16.38,200,16.83,200,17.60,100,19.44,100,19.58,700,,
2025-07-17T13:28:54.477852651Z,26853478,11.76,100,11.14,700,10.99,700,10.93,200,10.58,200,10.26,700,9.99,100,8.58,100,8.47,700,,,15.30,100,16.11,700,16.15,700,16.30,700,16.38,200,16.83,200,17.60,100,19.44,100,19.58,700,,
2025-07-17T13:28:54.528542919Z,26853925,11.76,100,11.14,700,10.99,700,10.93,200,10.58,200,10.53,700,10.26,700,9.99,100,8.58,100,8.47,700,15.30,100,16.11,700,16.15,700,16.30,700,16.38,200,16.83,200,17.60,100,19.44,100,19.58,700,,
2025-07-17T13:28:54.528571375Z,26853926,11.76,100,11.14,700,10.99,700,10.93,200,10.58,200,10.53,700,9.99,100,8.58,100,8.47,700,,,15.30,100,16.11,700,16.15,700,16.30,700,16.38,200,16.83,200,17.60,100,19.44,100,19.58,700,,
2025-07-17T13:28:54.728575124Z,26856081,11.76,100,11.14,700,10.99,700,10.93,200,10.80,700,10.58,200,10.53,700,9.99,100,8.58,100,8.47,700,15.30,100,16.11,700,16.15,700,16.30,700,16.38,200,16.83,200,17.60,100,19.44,100,19.58,700,,
2025-07-17T13:28:54.728651317Z,26856082,11.76,100,11.14,700,10.99,700,10.93,200,10.80,700,10.58,200,9.99,100,8.58,100,8.47,700,,,15.30,100,16.11,700,16.15,700,16.30,700,16.38,200,16.83,200,17.60,100,19.44,100,19.58,700,,
2025-07-17T13:28:54.928412211Z,26858349,11.76,100,11.14,700,11.07,700,10.99,700,10.93,200,10.80,700,10.58,200,9.99,100,8.58,100,8.47,700,15.30,100,16.11,700,16.15,700,16.30,700,16.38,200,16.83,200,17.60,100,19.44,100,19.58,700,,
2025-07-17T13:28:54.928488170Z,26858351,11.76,100,11.14,700,11.07,700,10.99,700,10.93,200,10.58,200,9.99,100,8.58,100,8.47,700,,,15.30,100,16.11,700,16.15,700,16.30,700,16.38,200,16.83,200,17.60,100,19.44,100,19.58,700,,
2025-07-17T13:29:00.583110843Z,27000961,11.76,100,11.14,700,11.07,700,10.99,700,10.93,200,10.84,100,10.58,200,9.99,100,8.58,100,8.47,700,15.30,100,16.11,700,16.15,700,16.30,700,16.38,200,16.83,200,17.60,100,19.44,100,19.58,700,,
2025-07-17T13:29:00.583124331Z,27000962,11.76,100,11.14,700,11.07,700,10.99,700,10.93,200,10.84,100,10.58,200,9.99,100,8.58,100,8.47,700,15.30,100,16.11,700,16.15,700,16.30,700,16.38,200,16.49,100,16.83,200,17.60,100,19.44,100,19.58,700
2025-07-17T13:29:31.666485583Z,27592251,11.76,100,11.14,700,11.07,700,11.05,100,10.99,700,10.93,200,10.84,100,10.58,200,9.99,100,8.58,100,15.30,100,16.11,700,16.15,700,16.30,700,16.38,200,16.49,100,16.83,200,17.60,100,19.44,100,19.58,700
2025-07-17T13:29:31.666510533Z,27592252,11.76,100,11.14,700,11.07,700,11.05,100,10.99,700,10.93,200,10.84,100,10.58,200,9.99,100,8.58,100,15.30,100,16.11,700,16.15,700,16.22,100,16.30,700,16.38,200,16.49,100,16.83,200,17.60,100,19.44,100
2025-07-17T13:29:32.011088073Z,27599196,11.76,100,11.29,100,11.14,700,11.07,700,11.05,100,10.99,700,10.93,200,10.84,100,10.58,200,9.99,100,15.30,100,16.11,700,16.15,700,16.22,100,16.30,700,16.38,200,16.49,100,16.83,200,17.60,100,19.44,100
2025-07-17T13:29:32.011092154Z,27599197,11.76,100,11.29,100,11.14,700,11.07,700,11.05,100,10.99,700,10.93,200,10.84,100,10.58,200,9.99,100,15.30,100,15.91,100,16.11,700,16.15,700,16.22,100,16.30,700,16.38,200,16.49,100,16.83,200,17.60,100
2025-07-17T13:29:39.839973111Z,27759427,11.76,100,11.29,100,11.14,700,11.07,700,11.05,100,10.99,700,10.93,200,10.84,100,10.58,200,9.99,100,15.30,100,15.91,100,16.11,700,16.15,700,16.22,100,16.30,700,16.38,200,16.49,100,16.83,200,17.60,100
2025-07-17T13:29:40.000183284Z,27760200,11.76,100,11.29,100,11.14,700,11.07,700,11.05,100,10.99,700,10.93,200,10.84,100,10.58,200,9.99,100,15.30,100,15.91,100,16.11,700,16.15,700,16.22,100,16.30,700,16.38,200,16.49,100,16.83,200,17.60,100
2025-07-17T13:29:55.529183618Z,28123971,11.76,100,11.52,100,11.29,100,11.14,700,11.07,700,11.05,100,10.99,700,10.93,200,10.84,100,10.58,200,15.30,100,15.91,100,16.11,700,16.15,700,16.22,100,16.30,700,16.38,200,16.49,100,16.83,200,17.60,100
2025-07-17T13:29:55.529200619Z,28123973,11.76,100,11.52,100,11.29,100,11.14,700,11.07,700,11.05,100,10.99,700,10.93,200,10.84,100,10.58,200,15.30,100,15.61,100,15.91,100,16.11,700,16.15,700,16.22,100,16.30,700,16.38,200,16.49,100,16.83,200
2025-07-17T13:29:59.677285294Z,28321241,11.76,100,11.52,100,11.29,100,11.14,700,11.07,700,11.05,100,10.99,700,10.93,200,10.84,100,10.58,200,15.30,100,15.61,100,15.91,100,16.11,700,16.15,700,16.22,100,16.30,700,16.38,200,16.49,100,16.83,200
2025-07-17T13:29:59.677290064Z,28321242,11.76,100,11.52,100,11.29,100,11.14,700,11.07,700,11.05,100,10.99,700,10.93,200,10.84,100,10.58,200,15.30,100,15.61,100,15.91,100,16.11,700,16.15,700,16.22,100,16.30,700,16.38,200,16.49,100,16.83,200
2025-07-17T13:30:00.092900330Z,28409476,11.76,100,11.52,100,11.29,100,11.14,700,11.07,700,11.05,100,11.01,100,10.99,700,10.93,200,10.84,100,15.30,100,15.61,100,15.91,100,16.11,700,16.15,700,16.22,100,16.30,700,16.38,200,16.49,100,16.83,200
2025-07-17T13:30:00.092988904Z,28409593,11.76,100,11.52,100,11.29,100,11.14,700,11.07,700,11.05,100,11.01,100,10.99,700,10.93,200,10.84,100,15.30,100,15.61,100,15.91,100,16.10,100,16.11,700,16.15,700,16.22,100,16.30,700,16.38,200,16.49,100
2025-07-17T13:30:00.412637542Z,28676200,11.76,100,11.52,100,11.29,100,11.14,700,11.07,700,11.05,100,11.01,100,10.99,700,10.93,200,10.84,100,15.30,100,15.61,100,15.91,100,16.10,100,16.11,700,16.15,700,16.22,100,16.30,700,16.38,200,16.49,100
2025-07-17T13:30:00.421937186Z,28680759,11.76,100,11.52,100,11.29,100,11.14,700,11.07,700,11.05,100,11.01,100,10.99,700,10.93,200,10.84,100,15.30,100,15.61,100,15.91,100,16.10,100,16.11,700,16.15,700,16.22,100,16.30,700,16.38,200,16.49,100
2025-07-17T13:30:00.675553569Z,28833560,11.76,100,11.52,100,11.29,100,11.14,700,11.07,700,11.05,100,11.01,100,10.99,700,10.93,200,10.92,100,15.30,100,15.61,100,15.91,100,16.10,100,16.11,700,16.15,700,16.22,100,16.30,700,16.38,200,16.49,100
2025-07-17T13:30:00.675570319Z,28833574,11.76,100,11.52,100,11.29,100,11.14,700,11.07,700,11.05,100,11.01,100,10.99,700,10.93,200,10.92,100,15.30,100,15.61,100,15.91,100,16.10,100,16.11,700,16.15,700,16.20,100,16.22,100,16.30,700,16.38,200
2025-07-17T13:30:00.730688348Z,28858298,11.76,100,11.52,100,11.29,100,11.14,700,11.07,700,11.05,100,11.01,100,10.99,700,10.93,200,10.92,200,15.30,100,15.61,100,15.91,100,16.10,100,16.11,700,16.15,700,16.20,100,16.22,100,16.30,700,16.38,200
2025-07-17T13:30:00.730693126Z,28858300,11.76,100,11.52,100,11.29,100,11.14,700,11.07,700,11.05,100,11.01,100,10.99,700,10.93,200,10.92,200,15.30,100,15.61,100,15.91,100,16.10,100,16.11,700,16.15,700,16.20,200,16.22,100,16.30,700,16.38,200
2025-07-17T13:30:00.869714108Z,28963643,11.76,100,11.52,100,11.29,100,11.14,700,11.07,700,11.05,100,11.01,100,10.99,700,10.93,200,10.92,200,15.30,100,15.61,100,15.91,100,16.10,100,16.11,700,16.15,700,16.20,200,16.22,100,16.30,700,16.38,200
2025-07-17T13:30:00.869715708Z,28963646,11.76,100,11.52,100,11.29,100,11.14,700,11.07,700,11.05,100,11.01,100,10.99,700,10.93,200,10.92,200,15.30,100,15.61,100,15.91,100,16.10,100,16.11,700,16.15,700,16.20,200,16.22,100,16.30,700,16.38,200
2025-07-17T13:30:00.869746905Z,28963685,11.76,100,11.52,100,11.29,100,11.14,700,11.07,700,11.05,100,11.01,100,10.99,700,10.93,200,10.92,200,15.30,100,15.61,100,15.91,100,16.10,100,16.11,700,16.15,700,16.20,200,16.22,100,16.30,700,16.38,200
2025-07-17T13:30:00.869768981Z,28963699,11.76,100,11.52,100,11.29,100,11.14,700,11.07,700,11.05,100,11.01,100,10.99,700,10.93,200,10.92,200,15.30,100,15.61,100,15.91,100,16.10,100,16.11,700,16.15,700,16.20,200,16.22,100,16.30,700,16.38,200
2025-07-17T13:30:00.869883482Z,28963823,11.76,100,11.52,100,11.29,100,11.24,100,11.14,700,11.07,700,11.05,100,11.01,100,10.99,700,10.93,200,15.30,100,15.61,100,15.91,100,16.10,100,16.11,700,16.15,700,16.20,200,16.22,100,16.30,700,16.38,200
2025-07-17T13:30:00.869917271Z,28963843,11.76,100,11.52,100,11.29,100,11.24,100,11.14,700,11.07,700,11.05,100,11.01,100,10.99,700,10.93,200,15.30,100,15.61,100,15.91,100,15.98,100,16.10,100,16.11,700,16.15,700,16.20,200,16.22,100,16.30,700
2025-07-17T13:30:00.869979897Z,28963935,11.76,100,11.52,100,11.29,100,11.24,100,11.14,700,11.07,700,11.05,100,11.01,100,10.99,700,10.93,200,15.30,100,15.61,100,15.91,100,15.98,100,16.10,100,16.11,700,16.15,700,16.20,200,16.22,100,16.30,700
2025-07-17T13:30:00.869979897Z,28963935,11.76,100,11.52,100,11.29,100,11.24,100,11.14,700,11.07,700,11.05,100,11.01,100,10.99,700,10.93,200,15.30,100,15.61,100,15.91,100,15.98,100,16.10,100,16.11,700,16.15,700,16.20,200,16.22,100,16.30,700
2025-07-17T13:30:00.869983764Z,28963938,11.76,100,11.52,100,11.29,100,11.24,100,11.14,700,11.07,700,11.05,100,11.01,100,10.99,700,10.93,200,15.30,100,15.61,100,15.91,100,15.98,100,16.10,100,16.11,700,16.15,700,16.20,200,16.22,100,16.30,700
2025-07-17T13:30:00.869983764Z,28963938,11.76,100,11.52,100,11.29,100,11.24,100,11.14,700,11.07,700,11.05,100,11.01,100,10.99,700,10.93,200,15.30,100,15.61,100,15.91,100,15.98,100,16.10,100,16.11,700,16.15,700,16.20,200,16.22,100,16.30,700
2025-07-17T13:30:00.869988740Z,28963943,11.76,100,11.52,100,11.29,100,11.24,100,11.14,700,11.07,700,11.05,100,11.01,100,10.99,700,10.93,200,15.30,100,15.61,100,15.91,100,15.98,100,16.10,100,16.11,700,16.15,700,16.20,200,16.22,100,16.30,700
2025-07-17T13:30:00.869988740Z,28963943,11.76,100,11.52,100,11.29,100,11.24,100,11.14,700,11.07,700,11.05,100,11.01,100,10.99,700,10.93,200,15.30,100,15.61,100,15.91,100,15.98,100,16.10,100,16.11,700,16.15,700,16.20,200,16.22,100,16.30,700
2025-07-17T13:30:00.869989204Z,28963944,11.76,100,11.52,100,11.29,100,11.24,100,11.14,700,11.07,700,11.05,100,11.01,100,10.99,700,10.93,200,15.30,100,15.61,100,15.91,100,15.98,100,16.10,100,16.11,700,16.15,700,16.20,200,16.22,100,16.30,700
2025-07-17T13:30:00.869989204Z,28963944,11.76,100,11.52,100,11.29,100,11.24,100,11.14,700,11.07,700,11.05,100,11.01,100,10.99,700,10.93,200,15.30,100,15.61,100,15.91,100,15.98,100,16.10,100,16.11,700,16.15,700,16.20,200,16.22,100,16.30,700
2025-07-17T13:30:00.869996105Z,28963952,11.76,100,11.52,100,11.29,100,11.24,100,11.14,700,11.07,700,11.05,100,11.01,100,10.99,700,10.93,200,15.30,100,15.61,100,15.91,100,15.98,100,16.10,100,16.11,700,16.15,700,16.20,200,16.22,100,16.30,700
2025-07-17T13:30:00.869996105Z,28963952,11.76,100,11.52,100,11.29,100,11.24,100,11.14,700,11.07,700,11.05,100,11.01,100,10.99,700,10.93,200,15.30,100,15.61,100,15.91,100,15.98,100,16.10,100,16.11,700,16.15,700,16.20,200,16.22,100,16.30,700
2025-07-17T13:30:00.869996504Z,28963953,11.76,100,11.52,100,11.29,100,11.24,100,11.14,700,11.07,700,11.05,100,11.01,100,10.99,700,10.93,200,15.30,100,15.61,100,15.91,100,15.98,100,16.10,100,16.11,700,16.15,700,16.20,200,16.22,100,16.30,700
2025-07-17T13:30:00.869996504Z,28963953,11.76,100,11.52,100,11.29,100,11.24,100,11.14,700,11.07,700,11.05,100,11.01,100,10.99,700,10.93,200,15.30,100,15.61,100,15.91,100,15.98,100,16.10,100,16.11,700,16.15,700,16.20,200,16.22,100,16.30,700
2025-07-17T13:30:00.869997057Z,28963954,11.76,100,11.52,100,11.29,100,11.24,100,11.14,700,11.07,700,11.05,100,11.01,100,10.99,700,10.93,200,15.30,100,15.61,100,15.91,100,15.98,100,16.10,100,16.11,700,16.15,700,16.20,200,16.22,100,16.30,700
2025-07-17T13:30:00.869997057Z,28963954,11.76,100,11.52,100,11.29,100,11.24,100,11.14,700,11.07,700,11.05,100,11.01,100,10.99,700,10.93,200,15.30,100,15.61,100,15.91,100,15.98,100,16.10,100,16.11,700,16.15,700,16.20,200,16.22,100,16.30,700
2025-07-17T13:30:00.870003387Z,28963962,11.76,100,11.52,100,11.29,100,11.24,100,11.14,700,11.07,700,11.05,100,11.01,100,10.99,700,10.93,200,15.30,100,15.61,100,15.91,100,15.98,100,16.10,100,16.11,700,16.15,700,16.20,200,16.22,100,16.30,700
2025-07-17T13:30:00.870003387Z,28963962,11.76,100,11.52,100,11.29,100,11.24,100,11.14,700,11.07,700,11.05,100,11.01,100,10.99,700,10.93,200,15.30,100,15.61,100,15.91,100,15.98,100,16.10,100,16.11,700,16.15,700,16.20,200,16.22,100,16.30,700
2025-07-17T13:30:00.870004158Z,28963963,11.76,100,11.52,100,11.29,100,11.24,100,11.14,700,11.07,700,11.05,100,11.01,100,10.99,700,10.93,200,15.30,100,15.61,100,15.91,100,15.98,100,16.10,100,16.11,700,16.15,700,16.20,200,16.22,100,16.30,700
2025-07-17T13:30:00.870004158Z,28963963,11.76,100,11.52,100,11.29,100,11.24,100,11.14,700,11.07,700,11.05,100,11.01,100,10.99,700,10.93,200,15.30,100,15.61,100,15.91,100,15.98,100,16.10,100,16.11,700,16.15,700,16.20,200,16.22,100,16.30,700
2025-07-17T13:30:00.870009922Z,28963970,11.76,100,11.52,100,11.29,100,11.24,100,11.14,700,11.07,700,11.05,100,11.01,100,10.99,700,10.93,200,15.30,100,15.61,100,15.91,100,15.98,100,16.10,100,16.11,700,16.15,700,16.20,200,16.22,100,16.30,700
2025-07-17T13:30:00.870009922Z,28963970,11.76,100,11.52,100,11.29,100,11.24,100,11.14,700,11.07,700,11.05,100,11.01,100,10.99,700,10.93,200,15.30,100,15.61,100,15.91,100,15.98,100,16.10,100,16.11,700,16.15,700,16.20,200,16.22,100,16.30,700
2025-07-17T13:30:00.870010386Z,28963971,11.76,100,11.52,100,11.29,100,11.24,100,11.14,700,11.07,700,11.05,100,11.01,100,10.99,700,10.93,200,15.30,100,15.61,100,15.91,100,15.98,100,16.10,100,16.11,700,16.15,700,16.20,200,16.22,100,16.30,700
2025-07-17T13:30:00.870010386Z,28963971,11.76,100,11.52,100,11.29,100,11.24,100,11.14,700,11.07,700,11.05,100,11.01,100,10.99,700,10.93,200,15.30,100,15.61,100,15.91,100,15.98,100,16.10,100,16.11,700,16.15,700,16.20,200,16.22,100,16.30,700
2025-07-17T13:30:00.870017071Z,28963981,11.76,100,11.52,100,11.29,100,11.24,100,11.14,700,11.07,700,11.05,100,11.01,100,10.99,700,10.93,200,15.30,100,15.61,100,15.91,100,15.98,100,16.10,100,16.11,700,16.15,700,16.20,200,16.22,100,16.30,700
2025-07-17T13:30:00.870017071Z,28963981,11.76,100,11.52,100,11.29,100,11.24,100,11.14,700,11.07,700,11.05,100,11.01,100,10.99,700,10.93,200,15.30,100,15.61,100,15.91,100,15.98,100,16.10,100,16.11,700,16.15,700,16.20,200,16.22,100,16.30,700
2025-07-17T13:30:00.870022776Z,28963983,11.76,100,11.52,100,11.29,100,11.24,100,11.14,700,11.07,700,11.05,100,11.01,100,10.99,700,10.93,200,15.30,100,15.61,100,15.91,100,15.98,100,16.10,100,16.11,700,16.15,700,16.20,200,16.22,100,16.30,700
2025-07-17T13:30:00.870022776Z,28963983,11.76,100,11.52,100,11.29,100,11.24,100,11.14,700,11.07,700,11.05,100,11.01,100,10.99,700,10.93,200,15.30,100,15.61,100,15.91,100,15.98,100,16.10,100,16.11,700,16.15,700,16.20,200,16.22,100,16.30,700
2025-07-17T13:30:00.870023199Z,28963984,11.76,100,11.52,100,11.29,100,11.24,100,11.14,700,11.07,700,11.05,100,11.01,100,10.99,700,10.93,200,15.30,100,15.61,100,15.91,100,15.98,100,16.10,100,16.11,700,16.15,700,16.20,200,16.22,100,16.30,700
2025-07-17T13:30:00.870023199Z,28963984,11.76,100,11.52,100,11.29,100,11.24,100,11.14,700,11.07,700,11.05,100,11.01,100,10.99,700,10.93,200,15.30,100,15.61,100,15.91,100,15.98,100,16.10,100,16.11,700,16.15,700,16.20,200,16.22,100,16.30,700
2025-07-17T13:30:00.870023701Z,28963985,11.76,100,11.52,100,11.29,100,11.24,100,11.14,700,11.07,700,11.05,100,11.01,100,10.99,700,10.93,200,15.30,100,15.61,100,15.91,100,15.98,100,16.10,100,16.11,700,16.15,700,16.20,200,16.22,100,16.30,700
2025-07-17T13:30:00.870023701Z,28963985,11.76,100,11.52,100,11.29,100,11.24,100,11.14,700,11.07,700,11.05,100,11.01,100,10.99,700,10.93,200,15.30,100,15.61,100,15.91,100,15.98,100,16.10,100,16.11,700,16.15,700,16.20,200,16.22,100,16.30,700
2025-07-17T13:30:00.870053023Z,28964015,11.76,100,11.52,100,11.29,100,11.24,100,11.14,700,11.07,700,11.05,100,11.01,100,10.99,700,10.93,200,15.30,100,15.61,100,15.91,100,15.98,100,16.10,100,16.11,700,16.15,700,16.20,200,16.22,100,16.30,700
2025-07-17T13:30:00.870053023Z,28964015,11.76,100,11.52,100,11.29,100,11.24,100,11.14,700,11.07,700,11.05,100,11.01,100,10.99,700,10.93,200,15.30,100,15.61,100,15.91,100,15.98,100,16.10,100,16.11,700,16.15,700,16.20,200,16.22,100,16.30,700
2025-07-17T13:30:00.870053791Z,28964016,11.76,100,11.52,100,11.29,100,11.24,100,11.14,700,11.07,700,11.05,100,11.01,100,10.99,700,10.93,200,15.30,100,15.61,100,15.91,100,15.98,100,16.10,100,16.11,700,16.15,700,16.20,200,16.22,100,16.30,700
2025-07-17T13:30:00.870053791Z,28964016,11.76,100,11.52,100,11.29,100,11.24,100,11.14,700,11.07,700,11.05,100,11.01,100,10.99,700,10.93,200,15.30,100,15.61,100,15.91,100,15.98,100,16.10,100,16.11,700,16.15,700,16.20,200,16.22,100,16.30,700
2025-07-17T13:30:00.870054073Z,28964017,11.76,100,11.52,100,11.29,100,11.24,100,11.14,700,11.07,700,11.05,100,11.01,100,10.99,700,10.93,200,15.30,100,15.61,100,15.91,100,15.98,100,16.10,100,16.11,700,16.15,700,16.20,200,16.22,100,16.30,700
2025-07-17T13:30:00.870054073Z,28964017,11.76,100,11.52,100,11.29,100,11.24,100,11.14,700,11.07,700,11.05,100,11.01,100,10.99,700,10.93,200,15.30,100,15.61,100,15.91,100,15.98,100,16.10,100,16.11,700,16.15,700,16.20,200,16.22,100,16.30,700
2025-07-17T13:30:00.870063003Z,28964020,11.76,100,11.52,100,11.29,100,11.24,100,11.14,700,11.07,700,11.05,100,11.01,100,10.99,700,10.93,200,15.30,100,15.61,100,15.91,100,15.98,100,16.10,100,16.11,700,16.15,700,16.20,200,16.22,100,16.30,700
2025-07-17T13:30:00.870063920Z,28964021,11.76,100,11.52,100,11.29,100,11.24,100,11.14,700,11.07,700,11.05,100,11.01,100,10.99,700,10.93,200,15.30,100,15.61,100,15.91,100,15.98,100,16.10,100,16.11,700,16.15,700,16.20,200,16.22,100,16.30,700
2025-07-17T13:30:00.870151543Z,28964128,11.76,100,11.52,100,11.29,100,11.24,100,11.14,700,11.07,700,11.05,100,11.01,100,10.99,700,10.93,200,15.30,100,15.61,100,15.91,100,15.98,100,16.10,100,16.11,700,16.15,700,16.20,200,16.22,100,16.30,700
2025-07-17T13:30:00.870209113Z,28964207,11.76,100,11.52,100,11.29,100,11.24,100,11.14,700,11.07,700,11.05,100,11.01,100,10.99,700,10.93,200,15.30,100,15.61,100,15.91,100,15.98,100,16.10,100,16.11,700,16.15,700,16.20,200,16.22,100,16.30,700
2025-07-17T13:30:00.870273955Z,28964259,11.76,100,11.52,100,11.29,100,11.14,700,11.07,700,11.05,100,11.01,100,10.99,700,10.93,200,10.92,200,15.30,100,15.61,100,15.91,100,15.98,100,16.10,100,16.11,700,16.15,700,16.20,200,16.22,100,16.30,700
2025-07-17T13:30:00.870278857Z,28964260,11.76,100,11.52,100,11.29,100,11.14,700,11.07,700,11.05,100,11.01,100,10.99,700,10.93,200,10.92,200,15.30,100,15.61,100,15.91,100,16.10,100,16.11,700,16.15,700,16.20,200,16.22,100,16.30,700,16.38,200
2025-07-17T13:30:00.870579856Z,28964629,11.76,100,11.52,100,11.29,100,11.14,700,11.07,700,11.05,100,11.01,100,10.99,700,10.93,200,10.92,200,15.30,100,15.61,100,15.91,100,16.10,100,16.11,700,16.15,700,16.20,200,16.22,100,16.30,700,16.38,200
2025-07-17T13:30:00.870580243Z,28964630,11.76,100,11.52,100,11.29,100,11.14,700,11.07,700,11.05,100,11.01,100,10.99,700,10.93,200,10.92,200,15.30,100,15.61,100,15.91,100,16.10,100,16.11,700,16.15,700,16.20,200,16.22,100,16.30,700,16.38,200
2025-07-17T13:30:00.870848973Z,28964903,11.76,100,11.52,100,11.40,100,11.29,100,11.14,700,11.07,700,11.05,100,11.01,100,10.99,700,10.93,200,15.30,100,15.61,100,15.91,100,16.10,100,16.11,700,16.15,700,16.20,200,16.22,100,16.30,700,16.38,200
2025-07-17T13:30:00.870874152Z,28964931,11.76,100,11.52,100,11.40,100,11.29,100,11.14,700,11.07,700,11.05,100,11.01,100,10.99,700,10.93,200,15.30,100,15.61,100,15.91,100,16.10,100,16.11,700,16.15,700,16.20,200,16.22,100,16.30,700,16.38,200
2025-07-17T13:30:00.871359085Z,28965402,11.76,100,11.52,100,11.40,100,11.29,100,11.14,700,11.07,700,11.05,100,11.01,100,10.99,700,10.93,200,15.30,100,15.61,100,15.91,100,16.10,100,16.11,700,16.15,700,16.20,200,16.22,100,16.30,700,16.38,300
2025-07-17T13:30:00.871371794Z,28965409,11.76,100,11.52,100,11.40,100,11.29,100,11.14,700,11.07,700,11.05,100,11.01,100,10.99,700,10.93,200,15.30,100,15.61,100,15.91,100,16.10,100,16.11,700,16.15,700,16.20,200,16.22,100,16.30,700,16.38,300
2025-07-17T13:30:00.871379595Z,28965416,11.76,100,11.52,100,11.40,100,11.29,100,11.14,700,11.07,700,11.05,100,11.01,100,10.99,700,10.93,200,15.30,100,15.61,100,15.91,100,16.10,100,16.11,700,16.15,700,16.20,200,16.22,100,16.30,700,16.38,300
2025-07-17T13:30:00.871381021Z,28965418,11.76,100,11.52,100,11.40,100,11.29,100,11.14,700,11.07,700,11.05,100,11.01,100,10.99,700,10.93,200,15.30,100,15.61,100,15.91,100,16.10,100,16.11,700,16.15,700,16.20,200,16.22,100,16.30,700,16.38,300
2025-07-17T13:30:00.871520352Z,28965571,11.76,100,11.52,100,11.40,100,11.29,100,11.14,700,11.07,700,11.05,100,11.01,100,10.99,700,10.93,200,15.30,100,15.61,100,15.91,100,16.10,100,16.11,700,16.15,700,16.20,200,16.22,100,16.30,700,16.38,300
2025-07-17T13:30:00.871520352Z,28965571,12.23,100,11.76,100,11.52,100,11.40,100,11.29,100,11.14,700,11.07,700,11.05,100,11.01,100,10.99,700,15.30,100,15.61,100,15.91,100,16.10,100,16.11,700,16.15,700,16.20,200,16.22,100,16.30,700,16.38,300
2025-07-17T13:30:00.871548318Z,28965592,12.23,100,11.76,100,11.52,100,11.40,100,11.29,100,11.14,700,11.07,700,11.05,100,11.01,100,10.99,700,15.30,100,15.61,100,15.91,100,16.10,100,16.11,700,16.15,700,16.20,200,16.22,100,16.30,700,16.38,300
2025-07-17T13:30:00.871548318Z,28965592,12.23,100,11.76,100,11.52,100,11.40,100,11.29,100,11.14,700,11.07,700,11.05,100,11.01,100,10.99,700,15.30,100,15.47,100,15.61,100,15.91,100,16.10,100,16.11,700,16.15,700,16.20,200,16.22,100,16.30,700
2025-07-17T13:30:00.911486897Z,28973032,12.23,100,11.76,100,11.69,2,11.52,100,11.40,100,11.29,100,11.14,700,11.07,700,11.05,100,11.01,100,15.30,100,15.47,100,15.61,100,15.91,100,16.10,100,16.11,700,16.15,700,16.20,200,16.22,100,16.30,700
2025-07-17T13:30:00.914351054Z,28975648,12.23,100,11.76,100,11.69,2,11.52,100,11.40,100,11.29,100,11.14,700,11.07,700,11.05,100,11.01,100,15.30,100,15.31,2,15.47,100,15.61,100,15.91,100,16.10,100,16.11,700,16.15,700,16.20,200,16.22,100
2025-07-17T13:30:00.915197739Z,28976307,12.23,100,11.76,100,11.69,2,11.52,100,11.40,100,11.29,100,11.14,700,11.07,700,11.05,100,11.01,100,15.30,100,15.31,2,15.47,100,15.61,100,15.91,100,16.10,100,16.11,700,16.15,700,16.20,200,16.22,100
2025-07-17T13:30:00.915197739Z,28976307,12.23,100,11.93,100,11.76,100,11.69,2,11.52,100,11.40,100,11.29,100,11.14,700,11.07,700,11.05,100,15.30,100,15.31,2,15.47,100,15.61,100,15.91,100,16.10,100,16.11,700,16.15,700,16.20,200,16.22,100
2025-07-17T13:30:00.916332252Z,28977103,12.23,100,11.93,100,11.76,100,11.69,2,11.52,100,11.40,100,11.29,100,11.14,700,11.07,700,11.05,100,15.30,100,15.31,2,15.47,100,15.61,100,15.91,100,16.10,100,16.11,700,16.15,700,16.20,200,16.22,100
2025-07-17T13:30:00.916332252Z,28977103,12.23,100,11.93,100,11.76,100,11.69,2,11.52,100,11.40,100,11.29,100,11.14,700,11.07,700,11.05,100,15.30,100,15.31,2,15.47,100,15.61,100,15.80,100,15.91,100,16.10,100,16.11,700,16.15,700,16.20,200
2025-07-17T13:30:00.920144110Z,28979475,12.23,100,11.93,100,11.76,100,11.69,2,11.52,100,11.40,100,11.29,100,11.14,700,11.07,700,11.05,100,15.30,100,15.31,2,15.47,100,15.61,100,15.80,100,15.91,100,16.10,100,16.11,700,16.15,700,16.20,200
2025-07-17T13:30:00.920144110Z,28979475,12.23,100,11.93,100,11.76,100,11.69,2,11.52,100,11.40,100,11.29,100,11.14,700,11.07,700,11.05,100,15.30,100,15.31,2,15.47,100,15.61,100,15.80,100,15.91,100,16.10,100,16.11,700,16.15,700,16.20,200
2025-07-17T13:30:00.920147410Z,28979478,12.23,100,11.93,100,11.76,100,11.69,2,11.52,100,11.40,100,11.29,100,11.14,700,11.07,700,11.05,100,15.30,100,15.31,2,15.47,100,15.61,100,15.80,100,15.91,100,16.10,100,16.11,700,16.15,700,16.20,200
2025-07-17T13:30:00.920147410Z,28979478,12.23,100,11.93,100,11.76,100,11.69,2,11.52,100,11.40,100,11.29,100,11.14,700,11.07,700,11.05,100,15.30,100,15.31,2,15.47,100,15.61,100,15.80,100,15.91,100,16.10,100,16.11,700,16.15,700,16.20,200
2025-07-17T13:30:00.920208398Z,28979515,12.23,100,11.93,100,11.76,100,11.69,2,11.52,100,11.40,100,11.29,100,11.14,700,11.07,700,11.05,100,15.30,100,15.31,2,15.47,100,15.61,100,15.80,100,15.91,100,16.10,100,16.11,700,16.15,700,16.20,200
2025-07-17T13:30:00.920208398Z,28979515,12.23,100,11.93,100,11.76,100,11.69,2,11.52,100,11.40,100,11.29,100,11.14,700,11.07,700,11.05,100,15.30,100,15.31,2,15.47,100,15.61,100,15.80,100,15.91,100,16.10,100,16.11,700,16.15,700,16.20,200
2025-07-17T13:30:00.920208920Z,28979516,12.23,100,11.93,100,11.76,100,11.69,2,11.52,100,11.40,100,11.29,100,11.14,700,11.07,700,11.05,100,15.30,100,15.31,2,15.47,100,15.61,100,15.80,100,15.91,100,16.10,100,16.11,700,16.15,700,16.20,200
2025-07-17T13:30:00.920208920Z,28979516,12.23,100,11.93,100,11.76,100,11.69,2,11.52,100,11.40,100,11.29,100,11.14,700,11.07,700,11.05,100,15.30,100,15.31,2,15.47,100,15.61,100,15.80,100,15.91,100,16.10,100,16.11,700,16.15,700,16.20,200
2025-07-17T13:30:00.920209286Z,28979517,12.23,100,11.93,100,11.76,100,11.69,2,11.52,100,11.40,100,11.29,100,11.14,700,11.07,700,11.05,100,15.30,100,15.31,2,15.47,100,15.61,100,15.80,100,15.91,100,16.10,100,16.11,700,16.15,700,16.20,200
2025-07-17T13:30:00.920209286Z,28979517,12.23,100,11.93,100,11.76,100,11.69,2,11.52,100,11.40,100,11.29,100,11.14,700,11.07,700,11.05,100,15.30,100,15.31,2,15.47,100,15.61,100,15.80,100,15.91,100,16.10,100,16.11,700,16.15,700,16.20,200
2025-07-17T13:30:00.920216613Z,28979521,12.23,100,11.93,100,11.76,100,11.69,2,11.52,100,11.40,100,11.29,100,11.14,700,11.07,700,11.05,100,15.30,100,15.31,2,15.47,100,15.61,100,15.80,100,15.91,100,16.10,100,16.11,700,16.15,700,16.20,200
2025-07-17T13:30:00.920216613Z,28979521,12.23,100,11.93,100,11.76,100,11.69,2,11.52,100,11.40,100,11.29,100,11.14,700,11.07,700,11.05,100,15.30,100,15.31,2,15.47,100,15.61,100,15.80,100,15.91,100,16.10,100,16.11,700,16.15,700,16.20,200
2025-07-17T13:30:00.920217193Z,28979522,12.23,100,11.93,100,11.76,100,11.69,2,11.52,100,11.40,100,11.29,100,11.14,700,11.07,700,11.05,100,15.30,100,15.31,2,15.47,100,15.61,100,15.80,100,15.91,100,16.10,100,16.11,700,16.15,700,16.20,200
2025-07-17T13:30:00.920217193Z,28979522,12.23,100,11.93,100,11.76,100,11.69,2,11.52,100,11.40,100,11.29,100,11.14,700,11.07,700,11.05,100,15.30,100,15.31,2,15.47,100,15.61,100,15.80,100,15.91,100,16.10,100,16.11,700,16.15,700,16.20,200
2025-07-17T13:30:00.920217632Z,28979523,12.23,100,11.93,100,11.76,100,11.69,2,11.52,100,11.40,100,11.29,100,11.14,700,11.07,700,11.05,100,15.30,100,15.31,2,15.47,100,15.61,100,15.80,100,15.91,100,16.10,100,16.11,700,16.15,700,16.20,200
2025-07-17T13:30:00.920217632Z,28979523,12.23,100,11.93,100,11.76,100,11.69,2,11.52,100,11.40,100,11.29,100,11.14,700,11.07,700,11.05,100,15.30,100,15.31,2,15.47,100,15.61,100,15.80,100,15.91,100,16.10,100,16.11,700,16.15,700,16.20,200
2025-07-17T13:30:00.920351772Z,28979649,12.23,100,11.93,100,11.76,100,11.69,2,11.52,100,11.40,100,11.29,100,11.14,700,11.07,700,11.05,100,15.30,100,15.31,2,15.47,100,15.61,100,15.80,100,15.91,100,16.10,100,16.11,700,16.15,700,16.20,200
2025-07-17T13:30:00.920351772Z,28979649,12.23,100,11.93,100,11.76,100,11.69,2,11.52,100,11.40,100,11.29,100,11.14,700,11.07,700,11.05,100,15.30,100,15.31,2,15.47,100,15.61,100,15.80,100,15.91,100,16.10,100,16.11,700,16.15,700,16.20,200
2025-07-17T13:30:00.931432717Z,28991138,12.23,100,11.93,100,11.76,100,11.69,2,11.52,100,11.40,100,11.29,100,11.14,700,11.07,700,11.05,100,15.30,100,15.31,2,15.47,100,15.61,100,15.91,100,16.10,100,16.11,700,16.15,700,16.20,200,16.22,100
2025-07-17T13:30:00.931432717Z,28991138,12.23,100,11.93,100,11.76,100,11.69,2,11.52,100,11.40,100,11.29,100,11.14,700,11.07,700,11.05,100,14.74,100,15.30,100,15.31,2,15.47,100,15.61,100,15.91,100,16.10,100,16.11,700,16.15,700,16.20,200
2025-07-17T13:30:00.940916945Z,29000554,12.23,100,11.93,100,11.76,100,11.69,2,11.52,100,11.40,100,11.29,100,11.14,700,11.07,700,11.05,100,14.74,100,15.30,100,15.31,2,15.61,100,15.91,100,16.10,100,16.11,700,16.15,700,16.20,200,16.22,100
2025-07-17T13:30:00.940916945Z,29000554,12.23,100,11.93,100,11.76,100,11.69,2,11.52,100,11.40,100,11.29,100,11.14,700,11.07,700,11.05,100,14.44,100,14.74,100,15.30,100,15.31,2,15.61,100,15.91,100,16.10,100,16.11,700,16.15,700,16.20,200
2025-07-17T13:30:00.941071231Z,29000677,12.23,100,11.93,100,11.76,100,11.69,2,11.52,100,11.40,100,11.29,100,11.14,700,11.07,700,11.05,100,14.44,100,14.74,100,15.28,100,15.30,100,15.31,2,15.61,100,15.91,100,16.10,100,16.11,700,16.15,700
2025-07-17T13:30:00.941085073Z,29000688,12.23,100,11.93,100,11.76,100,11.69,2,11.52,100,11.40,100,11.29,100,11.14,700,11.07,700,11.05,100,14.44,100,14.74,100,15.28,100,15.30,100,15.31,2,15.61,100,15.91,100,16.10,100,16.11,700,16.15,700
2025-07-17T13:30:01.086438727Z,29116818,12.23,100,11.93,100,11.76,100,11.69,2,11.52,100,11.40,100,11.29,100,11.14,700,11.07,700,11.05,100,14.44,100,14.74,100,15.28,100,15.30,100,15.31,2,15.61,100,15.91,100,16.10,100,16.11,700,16.15,700
2025-07-17T13:30:01.086438727Z,29116818,12.47,100,12.23,100,11.93,100,11.76,100,11.69,2,11.52,100,11.40,100,11.29,100,11.14,700,11.07,700,14.44,100,14.74,100,15.28,100,15.30,100,15.31,2,15.61,100,15.91,100,16.10,100,16.11,700,16.15,700
2025-07-17T13:30:01.086456460Z,29116862,12.47,100,12.23,100,11.93,100,11.76,100,11.69,2,11.52,100,11.40,100,11.29,100,11.14,700,11.07,700,14.44,100,14.74,100,15.28,100,15.30,100,15.31,2,15.61,100,15.91,100,16.11,700,16.15,700,16.20,200
2025-07-17T13:30:01.086456460Z,29116862,12.47,100,12.23,100,11.93,100,11.76,100,11.69,2,11.52,100,11.40,100,11.29,100,11.14,700,11.07,700,14.20,100,14.44,100,14.74,100,15.28,100,15.30,100,15.31,2,15.61,100,15.91,100,16.11,700,16.15,700
2025-07-17T13:30:01.214703183Z,29196804,12.67,100,12.47,100,12.23,100,11.93,100,11.76,100,11.69,2,11.52,100,11.40,100,11.29,100,11.14,700,14.20,100,14.44,100,14.74,100,15.28,100,15.30,100,15.31,2,15.61,100,15.91,100,16.11,700,16.15,700
2025-07-17T13:30:01.214704496Z,29196805,12.67,100,12.47,100,12.23,100,11.93,100,11.76,100,11.69,2,11.52,100,11.40,100,11.29,100,11.14,700,14.00,100,14.20,100,14.44,100,14.74,100,15.28,100,15.30,100,15.31,2,15.61,100,15.91,100,16.11,700
2025-07-17T13:30:01.252206360Z,29221770,12.67,100,12.47,100,12.23,100,11.93,100,11.76,100,11.69,2,11.52,100,11.40,100,11.29,100,11.14,700,14.00,100,14.20,100,14.44,100,14.74,100,15.28,100,15.30,100,15.31,2,15.61,100,15.91,100,16.11,700
2025-07-17T13:30:01.252206360Z,29221771,12.67,100,12.47,100,12.23,100,11.93,100,11.76,100,11.69,2,11.52,100,11.40,100,11.29,100,11.14,700,14.00,100,14.20,100,14.44,100,14.74,100,15.28,100,15.30,100,15.31,2,15.61,100,15.91,100,16.11,700
2025-07-17T13:30:01.252206360Z,29221772,12.67,100,12.47,100,12.23,100,11.93,100,11.76,100,11.69,2,11.52,100,11.40,100,11.29,100,11.14,700,14.00,100,14.20,100,14.44,100,14.74,100,15.28,100,15.30,100,15.31,2,15.61,100,15.91,100,16.11,700
2025-07-17T13:30:01.252206360Z,29221773,12.67,100,12.47,100,12.23,100,11.93,100,11.76,100,11.69,2,11.52,100,11.40,100,11.29,100,11.14,700,14.00,100,14.20,100,14.44,100,14.74,100,15.28,100,15.30,100,15.31,2,15.61,100,15.91,100,16.11,700
2025-07-17T13:30:01.252206360Z,29221774,12.67,100,12.47,100,12.23,100,11.93,100,11.76,100,11.69,2,11.52,100,11.40,100,11.29,100,11.14,700,14.00,100,14.20,100,14.44,100,14.74,100,15.28,100,15.30,100,15.31,2,15.61,100,15.91,100,16.11,700
2025-07-17T13:30:01.252206360Z,29221775,12.67,100,12.47,100,12.23,100,11.93,100,11.76,100,11.69,2,11.52,100,11.40,100,11.29,100,11.14,700,14.00,100,14.20,100,14.44,100,14.74,100,15.28,100,15.30,100,15.31,2,15.61,100,15.91,100,16.11,700
2025-07-17T13:30:01.252206360Z,29221776,12.67,100,12.47,100,12.23,100,11.93,100,11.76,100,11.69,2,11.52,100,11.40,100,11.29,100,11.14,700,14.00,100,14.20,100,14.44,100,14.74,100,15.28,100,15.30,100,15.31,2,15.61,100,15.91,100,16.11,700
2025-07-17T13:30:01.252206360Z,29221777,12.67,100,12.47,100,12.23,100,11.93,100,11.76,100,11.69,2,11.52,100,11.40,100,11.29,100,11.14,700,14.00,100,14.20,100,14.44,100,14.74,100,15.28,100,15.30,100,15.31,2,15.61,100,15.91,100,16.11,700
2025-07-17T13:30:01.252206360Z,29221778,12.67,100,12.47,100,12.23,100,11.93,100,11.76,100,11.69,2,11.52,100,11.40,100,11.29,100,11.14,700,14.00,100,14.20,100,14.44,100,14.74,100,15.28,100,15.30,100,15.31,2,15.61,100,15.91,100,16.11,700
2025-07-17T13:30:01.252206360Z,29221779,12.67,100,12.47,100,12.23,100,11.93,100,11.76,100,11.69,2,11.52,100,11.40,100,11.29,100,11.14,700,14.00,100,14.20,100,14.44,100,14.74,100,15.28,100,15.30,100,15.31,2,15.61,100,15.91,100,16.11,700
2025-07-17T13:30:01.252206360Z,29221780,12.67,100,12.47,100,12.23,100,11.93,100,11.76,100,11.69,2,11.52,100,11.40,100,11.29,100,11.14,700,14.00,100,14.20,100,14.44,100,14.74,100,15.28,100,15.30,100,15.31,2,15.61,100,15.91,100,16.11,700
2025-07-17T13:30:01.252206360Z,29221781,12.67,100,12.47,100,12.23,100,11.93,100,11.76,100,11.69,2,11.52,100,11.40,100,11.29,100,11.14,700,14.00,100,14.20,100,14.44,100,14.74,100,15.28,100,15.30,100,15.31,2,15.61,100,15.91,100,16.11,700
2025-07-17T13:30:01.252206360Z,29221782,12.67,100,12.47,100,12.23,100,11.93,100,11.76,100,11.69,2,11.52,100,11.40,100,11.29,100,11.14,700,14.00,100,14.20,100,14.44,100,14.74,100,15.28,100,15.30,100,15.31,2,15.61,100,15.91,100,16.11,700
2025-07-17T13:30:01.252206360Z,29221783,12.67,100,12.47,100,12.23,100,11.93,100,11.76,100,11.69,2,11.52,100,11.40,100,11.29,100,11.14,700,14.00,100,14.20,100,14.44,100,14.74,100,15.28,100,15.30,100,15.31,2,15.61,100,15.91,100,16.11,700
2025-07-17T13:30:01.252269158Z,29221828,12.67,100,12.47,100,12.23,100,11.93,100,11.76,100,11.69,2,11.52,100,11.40,100,11.29,100,11.14,700,14.00,100,14.20,100,14.44,100,14.74,100,15.28,100,15.30,100,15.31,2,15.61,100,15.91,100,16.11,700
2025-07-17T13:30:01.252269158Z,29221828,12.67,100,12.47,100,12.23,100,11.93,100,11.76,100,11.69,2,11.52,100,11.40,100,11.29,100,11.14,700,14.00,100,14.20,100,14.44,100,14.74,100,15.28,100,15.30,100,15.31,2,15.61,100,15.91,100,16.11,700
2025-07-17T13:30:01.252269575Z,29221829,12.67,100,12.47,100,12.23,100,11.93,100,11.76,100,11.69,2,11.52,100,11.40,100,11.29,100,11.14,700,14.00,100,14.20,100,14.44,100,14.74,100,15.28,100,15.30,100,15.31,2,15.61,100,15.91,100,16.11,700
2025-07-17T13:30:01.252269575Z,29221829,12.67,100,12.47,100,12.23,100,11.93,100,11.76,100,11.69,2,11.52,100,11.40,100,11.29,100,11.14,700,14.00,100,14.20,100,14.44,100,14.74,100,15.28,100,15.30,100,15.31,2,15.61,100,15.91,100,16.11,700
2025-07-17T13:30:01.252269960Z,29221830,12.67,100,12.47,100,12.23,100,11.93,100,11.76,100,11.69,2,11.52,100,11.40,100,11.29,100,11.14,700,14.00,100,14.20,100,14.44,100,14.74,100,15.28,100,15.30,100,15.31,2,15.61,100,15.91,100,16.11,700
2025-07-17T13:30:01.252269960Z,29221830,12.67,100,12.47,100,12.23,100,11.93,100,11.76,100,11.69,2,11.52,100,11.40,100,11.29,100,11.14,700,14.00,100,14.20,100,14.44,100,14.74,100,15.28,100,15.30,100,15.31,2,15.61,100,15.91,100,16.11,700
2025-07-17T13:30:01.252270596Z,29221831,12.67,100,12.47,100,12.23,100,11.93,100,11.76,100,11.69,2,11.52,100,11.40,100,11.29,100,11.14,700,14.00,100,14.20,100,14.44,100,14.74,100,15.28,100,15.30,100,15.31,2,15.61,100,15.91,100,16.11,700
2025-07-17T13:30:01.252270596Z,29221831,12.67,100,12.47,100,12.23,100,11.93,100,11.76,100,11.69,2,11.52,100,11.40,100,11.29,100,11.14,700,14.00,100,14.20,100,14.44,100,14.74,100,15.28,100,15.30,100,15.31,2,15.61,100,15.91,100,16.11,700
2025-07-17T13:30:01.252270987Z,29221832,12.67,100,12.47,100,12.23,100,11.93,100,11.76,100,11.69,2,11.52,100,11.40,100,11.29,100,11.14,700,14.00,100,14.20,100,14.44,100,14.74,100,15.28,100,15.30,100,15.31,2,15.61,100,15.91,100,16.11,700
2025-07-17T13:30:01.252270987Z,29221832,12.67,100,12.47,100,12.23,100,11.93,100,11.76,100,11.69,2,11.52,100,11.40,100,11.29,100,11.14,700,14.00,100,14.20,100,14.44,100,14.74,100,15.28,100,15.30,100,15.31,2,15.61,100,15.91,100,16.11,700
2025-07-17T13:30:01.252271274Z,29221833,12.67,100,12.47,100,12.23,100,11.93,100,11.76,100,11.69,2,11.52,100,11.40,100,11.29,100,11.14,700,14.00,100,14.20,100,14.44,100,14.74,100,15.28,100,15.30,100,15.31,2,15.61,100,15.91,100,16.11,700
2025-07-17T13:30:01.252271274Z,29221833,12.67,100,12.47,100,12.23,100,11.93,100,11.76,100,11.69,2,11.52,100,11.40,100,11.29,100,11.14,700,14.00,100,14.20,100,14.44,100,14.74,100,15.28,100,15.30,100,15.31,2,15.61,100,15.91,100,16.11,700
2025-07-17T13:30:01.252272011Z,29221834,12.67,100,12.47,100,12.23,100,11.93,100,11.76,100,11.69,2,11.52,100,11.40,100,11.29,100,11.14,700,14.00,100,14.20,100,14.44,100,14.74,100,15.28,100,15.30,100,15.31,2,15.61,100,15.91,100,16.11,700
2025-07-17T13:30:01.252272011Z,29221834,12.67,100,12.47,100,12.23,100,11.93,100,11.76,100,11.69,2,11.52,100,11.40,100,11.29,100,11.14,700,14.00,100,14.20,100,14.44,100,14.74,100,15.28,100,15.30,100,15.31,2,15.61,100,15.91,100,16.11,700
2025-07-17T13:30:01.252279681Z,29221840,12.67,100,12.47,100,12.23,100,11.93,100,11.76,100,11.69,2,11.52,100,11.40,100,11.29,100,11.14,700,14.00,100,14.20,100,14.44,100,14.74,100,15.28,100,15.30,100,15.31,2,15.61,100,15.91,100,16.11,700
2025-07-17T13:30:01.252279681Z,29221840,12.67,100,12.47,100,12.23,100,11.93,100,11.76,100,11.69,2,11.52,100,11.40,100,11.29,100,11.14,700,14.00,100,14.20,100,14.44,100,14.74,100,15.28,100,15.30,100,15.31,2,15.61,100,15.91,100,16.11,700
2025-07-17T13:30:01.252280017Z,29221841,12.67,100,12.47,100,12.23,100,11.93,100,11.76,100,11.69,2,11.52,100,11.40,100,11.29,100,11.14,700,14.00,100,14.20,100,14.44,100,14.74,100,15.28,100,15.30,100,15.31,2,15.61,100,15.91,100,16.11,700
2025-07-17T13:30:01.252280017Z,29221841,12.67,100,12.47,100,12.23,100,11.93,100,11.76,100,11.69,2,11.52,100,11.40,100,11.29,100,11.14,700,14.00,100,14.20,100,14.44,100,14.74,100,15.28,100,15.30,100,15.31,2,15.61,100,15.91,100,16.11,700
2025-07-17T13:30:01.252280383Z,29221842,12.67,100,12.47,100,12.23,100,11.93,100,11.76,100,11.69,2,11.52,100,11.40,100,11.29,100,11.14,700,14.00,100,14.20,100,14.44,100,14.74,100,15.28,100,15.30,100,15.31,2,15.61,100,15.91,100,16.11,700
2025-07-17T13:30:01.252280383Z,29221842,12.67,100,12.47,100,12.23,100,11.93,100,11.76,100,11.69,2,11.52,100,11.40,100,11.29,100,11.14,700,14.00,100,14.20,100,14.44,100,14.74,100,15.28,100,15.30,100,15.31,2,15.61,100,15.91,100,16.11,700
2025-07-17T13:30:01.252280683Z,29221843,12.67,100,12.47,100,12.23,100,11.93,100,11.76,100,11.69,2,11.52,100,11.40,100,11.29,100,11.14,700,14.00,100,14.20,100,14.44,100,14.74,100,15.28,100,15.30,100,15.31,2,15.61,100,15.91,100,16.11,700
2025-07-17T13:30:01.252280683Z,29221843,12.67,100,12.47,100,12.23,100,11.93,100,11.76,100,11.69,2,11.52,100,11.40,100,11.29,100,11.14,700,14.00,100,14.20,100,14.44,100,14.74,100,15.28,100,15.30,100,15.31,2,15.61,100,15.91,100,16.11,700
2025-07-17T13:30:01.252281079Z,29221844,12.67,100,12.47,100,12.23,100,11.93,100,11.76,100,11.69,2,11.52,100,11.40,100,11.29,100,11.14,700,14.00,100,14.20,100,14.44,100,14.74,100,15.28,100,15.30,100,15.31,2,15.61,100,15.91,100,16.11,700
2025-07-17T13:30:01.252281079Z,29221844,12.67,100,12.47,100,12.23,100,11.93,100,11.76,100,11.69,2,11.52,100,11.40,100,11.29,100,11.14,700,14.00,100,14.20,100,14.44,100,14.74,100,15.28,100,15.30,100,15.31,2,15.61,100,15.91,100,16.11,700
2025-07-17T13:30:01.252281306Z,29221845,12.67,100,12.47,100,12.23,100,11.93,100,11.76,100,11.69,2,11.52,100,11.40,100,11.29,100,11.14,700,14.00,100,14.20,100,14.44,100,14.74,100,15.28,100,15.30,100,15.31,2,15.61,100,15.91,100,16.11,700
2025-07-17T13:30:01.252281306Z,29221845,12.67,100,12.47,100,12.23,100,11.93,100,11.76,100,11.69,2,11.52,100,11.40,100,11.29,100,11.14,700,14.00,100,14.20,100,14.44,100,14.74,100,15.28,100,15.30,100,15.31,2,15.61,100,15.91,100,16.11,700
2025-07-17T13:30:01.252281648Z,29221846,12.67,100,12.47,100,12.23,100,11.93,100,11.76,100,11.69,2,11.52,100,11.40,100,11.29,100,11.14,700,14.00,100,14.20,100,14.44,100,14.74,100,15.28,100,15.30,100,15.31,2,15.61,100,15.91,100,16.11,700
2025-07-17T13:30:01.252281648Z,29221846,12.67,100,12.47,100,12.23,100,11.93,100,11.76,100,11.69,2,11.52,100,11.40,100,11.29,100,11.14,700,14.00,100,14.20,100,14.44,100,14.74,100,15.28,100,15.30,100,15.31,2,15.61,100,15.91,100,16.11,700
2025-07-17T13:30:01.254829854Z,29223480,12.67,100,12.47,100,12.23,100,11.93,100,11.76,100,11.52,100,11.40,100,11.29,100,11.14,700,11.07,700,14.00,100,14.20,100,14.44,100,14.74,100,15.28,100,15.30,100,15.31,2,15.61,100,15.91,100,16.11,700
2025-07-17T13:30:01.254829854Z,29223480,12.67,100,12.47,100,12.33,2,12.23,100,11.93,100,11.76,100,11.52,100,11.40,100,11.29,100,11.14,700,14.00,100,14.20,100,14.44,100,14.74,100,15.28,100,15.30,100,15.31,2,15.61,100,15.91,100,16.11,700
2025-07-17T13:30:01.254836082Z,29223485,12.67,100,12.47,100,12.33,2,12.23,100,11.93,100,11.76,100,11.52,100,11.40,100,11.29,100,11.14,700,14.00,100,14.20,100,14.44,100,14.74,100,15.28,100,15.30,100,15.61,100,15.91,100,16.11,700,16.15,700
2025-07-17T13:30:01.254836082Z,29223485,12.67,100,12.47,100,12.33,2,12.23,100,11.93,100,11.76,100,11.52,100,11.40,100,11.29,100,11.14,700,14.00,100,14.20,100,14.44,100,14.65,2,14.74,100,15.28,100,15.30,100,15.61,100,15.91,100,16.11,700
2025-07-17T13:30:01.326934077Z,29250087,12.67,100,12.47,100,12.33,2,12.23,100,11.93,100,11.76,100,11.40,100,11.29,100,11.14,700,11.07,700,14.00,100,14.20,100,14.44,100,14.65,2,14.74,100,15.28,100,15.30,100,15.61,100,15.91,100,16.11,700
2025-07-17T13:30:01.327714478Z,29250293,12.67,100,12.47,100,12.33,2,12.23,100,11.93,100,11.76,100,11.40,100,11.29,100,11.14,700,11.07,700,14.00,100,14.20,100,14.44,100,14.65,2,14.74,100,15.28,100,15.30,100,15.91,100,16.11,700,16.15,700
2025-07-17T13:30:01.367244122Z,29262273,12.67,100,12.47,100,12.33,2,12.23,100,11.93,100,11.76,100,11.40,100,11.29,100,11.14,700,11.07,700,14.00,100,14.20,100,14.44,100,14.65,2,14.74,100,15.28,100,15.30,100,15.91,100,16.11,700,16.15,700
2025-07-17T13:30:01.367244122Z,29262273,12.67,100,12.47,100,12.33,102,12.23,100,11.93,100,11.76,100,11.40,100,11.29,100,11.14,700,11.07,700,14.00,100,14.20,100,14.44,100,14.65,2,14.74,100,15.28,100,15.30,100,15.91,100,16.11,700,16.15,700
2025-07-17T13:30:01.367256226Z,29262274,12.67,100,12.47,100,12.33,102,12.23,100,11.93,100,11.76,100,11.40,100,11.29,100,11.14,700,11.07,700,14.00,100,14.20,100,14.44,100,14.65,2,14.74,100,15.28,100,15.30,100,15.91,100,16.11,700,16.15,700
2025-07-17T13:30:01.367256226Z,29262274,12.67,100,12.47,100,12.33,102,12.23,100,11.93,100,11.76,100,11.40,100,11.29,100,11.14,700,11.07,700,14.00,100,14.20,100,14.34,100,14.44,100,14.65,2,14.74,100,15.28,100,15.30,100,15.91,100,16.11,700
2025-07-17T13:30:01.456460560Z,29285993,12.67,100,12.47,100,12.33,102,12.23,100,11.93,100,11.76,100,11.40,100,11.29,100,11.14,700,11.07,700,14.00,100,14.20,100,14.34,100,14.44,100,14.65,2,14.74,100,15.28,100,15.30,100,15.91,100,16.11,700
2025-07-17T13:30:01.456460560Z,29285993,12.67,100,12.47,100,12.36,100,12.33,102,12.23,100,11.93,100,11.76,100,11.40,100,11.29,100,11.14,700,14.00,100,14.20,100,14.34,100,14.44,100,14.65,2,14.74,100,15.28,100,15.30,100,15.91,100,16.11,700
2025-07-17T13:30:01.456476348Z,29285996,12.67,100,12.47,100,12.36,100,12.33,102,12.23,100,11.93,100,11.76,100,11.40,100,11.29,100,11.14,700,14.00,100,14.20,100,14.34,100,14.44,100,14.65,2,14.74,100,15.28,100,15.30,100,15.91,100,16.11,700
2025-07-17T13:30:01.456476348Z,29285996,12.67,100,12.47,100,12.36,100,12.33,102,12.23,100,11.93,100,11.76,100,11.40,100,11.29,100,11.14,700,14.00,100,14.20,100,14.34,100,14.44,100,14.65,2,14.74,100,14.90,100,15.28,100,15.30,100,15.91,100
2025-07-17T13:30:01.487884350Z,29297612,12.67,100,12.47,100,12.36,100,12.33,102,12.23,100,11.93,100,11.76,100,11.40,100,11.29,100,11.14,700,14.00,100,14.20,100,14.34,100,14.44,100,14.65,2,14.74,100,14.90,100,15.28,100,15.30,100,15.91,100
2025-07-17T13:30:01.487884350Z,29297612,12.67,100,12.47,100,12.36,200,12.33,102,12.23,100,11.93,100,11.76,100,11.40,100,11.29,100,11.14,700,14.00,100,14.20,100,14.34,100,14.44,100,14.65,2,14.74,100,14.90,100,15.28,100,15.30,100,15.91,100
2025-07-17T13:30:01.487905785Z,29297619,12.67,100,12.47,100,12.36,200,12.33,102,12.23,100,11.93,100,11.76,100,11.40,100,11.29,100,11.14,700,14.00,100,14.20,100,14.34,100,14.44,100,14.65,2,14.74,100,14.90,100,15.28,100,15.30,100,15.91,100
2025-07-17T13:30:01.487905785Z,29297619,12.67,100,12.47,100,12.36,200,12.33,102,12.23,100,11.93,100,11.76,100,11.40,100,11.29,100,11.14,700,14.00,100,14.20,100,14.34,100,14.44,100,14.65,2,14.74,100,14.90,200,15.28,100,15.30,100,15.91,100
2025-07-17T13:30:01.488809902Z,29298089,12.67,100,12.47,100,12.36,200,12.33,102,12.23,100,11.93,100,11.76,100,11.40,100,11.29,100,11.14,700,14.00,100,14.20,100,14.34,100,14.44,100,14.65,2,14.74,100,14.90,200,15.28,100,15.30,100,15.91,100
2025-07-17T13:30:01.488866053Z,29298118,12.67,100,12.47,100,12.36,200,12.33,102,12.23,100,11.93,100,11.76,100,11.40,100,11.29,100,11.14,700,14.00,100,14.20,100,14.34,100,14.44,100,14.65,2,14.74,100,14.90,200,15.28,100,15.30,100,15.91,100
2025-07-17T13:30:01.532274368Z,29318499,12.67,100,12.47,100,12.46,100,12.36,200,12.33,102,12.23,100,11.93,100,11.76,100,11.40,100,11.29,100,14.00,100,14.20,100,14.34,100,14.44,100,14.65,2,14.74,100,14.90,200,15.28,100,15.30,100,15.91,100
2025-07-17T13:30:01.532293890Z,29318513,12.67,100,12.47,100,12.46,100,12.36,200,12.33,102,12.23,100,11.93,100,11.76,100,11.40,100,11.29,100,14.00,100,14.20,100,14.34,100,14.44,100,14.65,2,14.74,100,14.90,200,15.28,100,15.30,100,15.91,100
2025-07-17T13:30:01.532324961Z,29318528,12.67,100,12.47,100,12.46,100,12.36,200,12.33,102,12.23,100,11.93,100,11.76,100,11.40,100,11.29,100,14.00,100,14.20,200,14.34,100,14.44,100,14.65,2,14.74,100,14.90,200,15.28,100,15.30,100,15.91,100
2025-07-17T13:30:01.532347519Z,29318534,12.67,100,12.47,100,12.46,100,12.36,200,12.33,102,12.23,100,11.93,100,11.76,100,11.40,100,11.29,100,14.00,100,14.20,200,14.34,100,14.44,100,14.65,2,14.74,100,14.90,200,15.28,100,15.30,100,15.91,100
2025-07-17T13:30:01.537195873Z,29320724,12.99,100,12.67,100,12.47,100,12.46,100,12.36,200,12.33,102,12.23,100,11.93,100,11.76,100,11.40,100,14.00,100,14.20,200,14.34,100,14.44,100,14.65,2,14.74,100,14.90,200,15.28,100,15.30,100,15.91,100
2025-07-17T13:30:01.537219414Z,29320743,12.99,100,12.67,100,12.47,100,12.46,100,12.36,200,12.33,102,12.23,100,11.93,100,11.76,100,11.40,100,14.00,100,14.20,200,14.34,100,14.44,100,14.65,102,14.74,100,14.90,200,15.28,100,15.30,100,15.91,100
2025-07-17T13:30:01.571375465Z,29336931,13.20,28,12.99,100,12.67,100,12.47,100,12.46,100,12.36,200,12.33,102,12.23,100,11.93,100,11.76,100,14.00,100,14.20,200,14.34,100,14.44,100,14.65,102,14.74,100,14.90,200,15.28,100,15.30,100,15.91,100
2025-07-17T13:30:01.589592733Z,29345825,13.20,28,12.99,100,12.67,100,12.47,100,12.46,100,12.36,200,12.33,102,12.23,100,11.93,100,11.76,100,14.00,100,14.20,200,14.34,100,14.44,100,14.65,102,14.74,100,14.90,200,15.28,100,15.30,100,15.91,100
2025-07-17T13:30:01.590381387Z,29346224,13.20,28,12.99,100,12.67,100,12.47,100,12.46,100,12.36,200,12.33,102,12.23,100,11.93,100,11.76,100,14.00,100,14.20,200,14.34,100,14.44,100,14.65,102,14.74,100,14.90,200,15.28,100,15.30,100,15.91,100
2025-07-17T13:30:01.592507554Z,29347436,13.20,28,12.99,100,12.67,100,12.47,100,12.46,100,12.36,200,12.33,102,12.23,100,11.93,100,11.76,100,14.00,100,14.20,200,14.34,100,14.44,100,14.65,102,14.74,100,14.90,200,15.28,100,15.30,100,15.91,100
2025-07-17T13:30:01.592507554Z,29347436,13.20,28,12.99,100,12.67,100,12.47,100,12.46,100,12.36,200,12.33,102,12.23,100,11.93,100,11.76,100,14.00,100,14.20,200,14.34,100,14.44,100,14.65,102,14.74,100,14.90,200,15.28,100,15.30,100,15.91,100
2025-07-17T13:30:01.592539240Z,29347463,13.20,28,12.99,100,12.67,100,12.47,100,12.46,100,12.36,200,12.33,102,12.23,100,11.93,100,11.76,100,14.00,100,14.20,200,14.34,100,14.44,100,14.65,102,14.74,100,14.90,200,15.28,100,15.30,100,15.91,100
2025-07-17T13:30:01.592539240Z,29347463,13.20,28,12.99,100,12.67,100,12.47,100,12.46,100,12.36,200,12.33,102,12.23,100,11.93,100,11.76,100,14.00,100,14.20,200,14.34,100,14.44,100,14.65,102,14.74,100,14.90,200,15.28,100,15.30,100,15.41,100
2025-07-17T13:30:01.661958252Z,29378719,13.20,28,12.99,100,12.67,100,12.47,100,12.46,100,12.36,200,12.33,102,12.23,100,11.93,100,11.76,100,14.00,100,14.20,200,14.34,100,14.44,100,14.65,102,14.74,100,14.90,200,15.28,100,15.30,100,15.41,100
2025-07-17T13:30:01.661958252Z,29378719,13.20,28,12.99,100,12.67,100,12.47,100,12.46,100,12.36,200,12.33,102,12.23,100,11.93,200,11.76,100,14.00,100,14.20,200,14.34,100,14.44,100,14.65,102,14.74,100,14.90,200,15.28,100,15.30,100,15.41,100
2025-07-17T13:30:01.661989524Z,29378727,13.20,28,12.99,100,12.67,100,12.47,100,12.46,100,12.36,200,12.33,102,12.23,100,11.93,200,11.76,100,14.00,100,14.20,200,14.34,100,14.44,100,14.65,102,14.74,100,14.90,200,15.28,100,15.30,100,15.41,100
2025-07-17T13:30:01.661989524Z,29378727,13.20,28,12.99,100,12.67,100,12.47,100,12.46,100,12.36,200,12.33,102,12.23,100,11.93,200,11.76,100,14.00,100,14.20,200,14.34,100,14.44,100,14.65,102,14.74,200,14.90,200,15.28,100,15.30,100,15.41,100
2025-07-17T13:30:01.929395142Z,29480243,13.20,28,12.99,100,12.67,100,12.47,100,12.46,100,12.36,200,12.33,102,12.23,100,11.93,200,11.76,100,14.00,100,14.20,200,14.34,100,14.44,100,14.65,2,14.74,200,14.90,200,15.28,100,15.30,100,15.41,100
2025-07-17T13:30:01.930800767Z,29480698,13.20,28,12.99,100,12.67,100,12.47,100,12.46,100,12.36,200,12.33,102,12.23,100,11.93,200,11.76,100,13.67,100,14.00,100,14.20,200,14.34,100,14.44,100,14.65,2,14.74,200,14.90,200,15.28,100,15.30,100
2025-07-17T13:30:02.208989359Z,29556866,13.20,28,12.99,100,12.67,100,12.47,100,12.46,100,12.36,200,12.33,102,12.23,100,11.93,200,11.76,100,13.67,100,14.00,100,14.20,200,14.34,100,14.44,100,14.65,2,14.74,200,14.90,200,15.28,100,15.30,100
2025-07-17T13:30:02.209004229Z,29556867,13.20,28,12.99,100,12.67,100,12.47,100,12.46,100,12.36,200,12.33,102,12.23,100,11.93,200,11.76,100,13.67,100,14.00,100,14.20,200,14.34,100,14.44,100,14.65,2,14.74,200,14.90,200,15.28,100,15.30,100
2025-07-17T13:30:02.378274380Z,29585499,13.20,28,12.99,100,12.73,100,12.67,100,12.47,100,12.46,100,12.36,200,12.33,102,12.23,100,11.93,200,13.67,100,14.00,100,14.20,200,14.34,100,14.44,100,14.65,2,14.74,200,14.90,200,15.28,100,15.30,100
2025-07-17T13:30:02.378280610Z,29585501,13.20,28,12.99,100,12.73,100,12.67,100,12.47,100,12.46,100,12.36,200,12.33,102,12.23,100,11.93,200,13.67,100,13.93,100,14.00,100,14.20,200,14.34,100,14.44,100,14.65,2,14.74,200,14.90,200,15.28,100
2025-07-17T13:30:02.378286605Z,29585502,13.20,28,12.99,100,12.73,100,12.67,100,12.47,100,12.46,100,12.36,200,12.33,102,12.23,100,11.93,200,13.67,100,13.93,100,14.00,100,14.20,200,14.34,100,14.44,100,14.65,2,14.74,200,14.90,200,15.28,100
2025-07-17T13:30:02.378293244Z,29585504,13.20,28,12.99,100,12.73,100,12.67,100,12.47,100,12.46,100,12.36,200,12.33,102,12.23,100,11.93,200,13.67,100,13.93,100,14.00,100,14.20,200,14.34,100,14.44,100,14.65,2,14.74,200,14.90,200,15.28,100
2025-07-17T13:30:02.476818222Z,29601178,13.20,28,12.99,100,12.73,100,12.67,100,12.47,100,12.46,100,12.36,200,12.33,102,12.23,100,11.93,200,13.67,100,13.93,100,14.00,100,14.20,200,14.34,100,14.44,100,14.65,2,14.74,200,14.90,100,15.28,100
2025-07-17T13:30:02.476818222Z,29601178,13.20,28,12.99,100,12.73,100,12.67,100,12.47,100,12.46,100,12.36,200,12.33,102,12.23,100,11.93,200,13.67,100,13.93,100,14.00,100,14.20,200,14.34,100,14.44,100,14.57,100,14.65,2,14.74,200,14.90,100
2025-07-17T13:30:02.483131658Z,29601999,13.20,28,12.99,100,12.73,100,12.67,100,12.47,100,12.46,100,12.36,200,12.33,102,12.23,100,11.93,200,13.67,100,13.93,100,14.00,100,14.20,200,14.34,100,14.44,100,14.57,100,14.65,2,14.74,200,15.28,100
2025-07-17T13:30:02.483131658Z,29601999,13.20,28,12.99,100,12.73,100,12.67,100,12.47,100,12.46,100,12.36,200,12.33,102,12.23,100,11.93,200,13.67,100,13.93,100,14.00,100,14.20,200,14.34,100,14.44,100,14.57,200,14.65,2,14.74,200,15.28,100
2025-07-17T13:30:02.524755932Z,29608933,13.20,28,12.99,100,12.73,100,12.67,100,12.47,100,12.46,100,12.36,200,12.33,102,12.23,100,11.93,200,13.67,100,13.93,100,14.00,100,14.20,200,14.34,100,14.44,100,14.57,200,14.65,2,14.74,200,15.28,100
2025-07-17T13:30:02.524755932Z,29608933,13.20,28,12.99,100,12.73,100,12.67,100,12.47,100,12.46,100,12.36,200,12.33,102,12.23,100,11.93,200,13.67,100,13.93,100,14.00,100,14.20,200,14.34,100,14.44,100,14.57,200,14.65,2,14.74,200,15.28,100
2025-07-17T13:30:02.524769583Z,29608936,13.20,28,12.99,100,12.73,100,12.67,100,12.47,100,12.46,100,12.36,200,12.33,102,12.23,100,11.93,200,13.67,100,13.93,100,14.00,100,14.20,200,14.34,100,14.44,100,14.57,200,14.65,2,14.74,200,15.28,100
2025-07-17T13:30:02.524769583Z,29608936,13.20,28,12.99,100,12.73,100,12.67,100,12.47,100,12.46,100,12.36,200,12.33,102,12.23,100,11.93,200,13.67,100,13.93,100,14.00,100,14.20,200,14.34,100,14.44,100,14.57,200,14.65,2,14.74,200,15.28,100
2025-07-17T13:30:02.573606685Z,29618524,13.20,28,12.99,100,12.73,100,12.67,100,12.47,100,12.46,100,12.36,200,12.33,102,12.23,100,11.93,200,13.67,100,13.93,100,14.00,100,14.20,200,14.34,100,14.44,100,14.57,200,14.65,2,14.74,200,15.28,100
2025-07-17T13:30:02.573606685Z,29618524,13.20,28,12.99,100,12.73,100,12.67,100,12.47,100,12.46,100,12.36,200,12.33,202,12.23,100,11.93,200,13.67,100,13.93,100,14.00,100,14.20,200,14.34,100,14.44,100,14.57,200,14.65,2,14.74,200,15.28,100
2025-07-17T13:30:02.573623478Z,29618531,13.20,28,12.99,100,12.73,100,12.67,100,12.47,100,12.46,100,12.36,200,12.33,202,12.23,100,11.93,200,13.67,100,13.93,100,14.00,100,14.20,200,14.34,100,14.44,100,14.57,200,14.65,2,14.74,200,15.28,100
2025-07-17T13:30:02.573623478Z,29618531,13.20,28,12.99,100,12.73,100,12.67,100,12.47,100,12.46,100,12.36,200,12.33,202,12.23,100,11.93,200,13.67,100,13.93,100,14.00,100,14.20,200,14.34,200,14.44,100,14.57,200,14.65,2,14.74,200,15.28,100
2025-07-17T13:30:06.757383618Z,30107583,13.20,28,12.99,100,12.73,100,12.67,100,12.47,100,12.46,100,12.36,200,12.33,202,12.23,100,11.93,200,13.67,100,13.93,100,14.00,100,14.20,200,14.27,700,14.34,200,14.44,100,14.57,200,14.65,2,14.74,200
2025-07-17T13:30:06.757435491Z,30107590,13.20,28,12.99,100,12.73,100,12.67,100,12.47,100,12.46,100,12.36,200,12.33,202,12.23,100,11.93,200,13.67,100,13.93,100,14.00,100,14.20,200,14.27,700,14.34,200,14.44,100,14.57,200,14.65,2,14.74,200
2025-07-17T13:30:07.194841610Z,30150210,13.20,28,12.99,100,12.73,100,12.67,100,12.47,100,12.46,100,12.36,200,12.33,202,12.23,100,11.93,200,13.67,100,13.93,100,14.00,100,14.20,200,14.27,700,14.34,200,14.44,100,14.57,200,14.65,2,14.74,200
2025-07-17T13:30:07.194880522Z,30150214,13.20,28,12.99,100,12.73,100,12.67,100,12.47,100,12.46,100,12.36,200,12.33,202,12.23,100,11.93,200,13.67,100,13.93,100,14.00,100,14.20,200,14.27,700,14.34,200,14.44,100,14.57,200,14.65,2,14.74,200
2025-07-17T13:30:07.394882479Z,30169157,13.20,28,12.99,100,12.73,100,12.67,100,12.47,100,12.46,100,12.36,200,12.33,202,12.23,100,11.93,200,13.67,100,13.93,100,14.00,100,14.20,200,14.27,700,14.34,200,14.44,100,14.57,200,14.65,2,14.74,200
2025-07-17T13:30:07.395357697Z,30169278,13.20,28,12.99,100,12.73,100,12.67,100,12.47,100,12.46,100,12.36,200,12.33,202,12.23,100,11.93,200,13.67,100,13.93,100,14.00,100,14.20,200,14.27,700,14.34,200,14.44,100,14.57,200,14.65,2,14.74,200
2025-07-17T13:30:07.594772046Z,30189080,13.20,28,12.99,100,12.73,100,12.67,100,12.47,100,12.46,100,12.36,200,12.33,202,12.23,100,11.93,200,13.67,100,13.93,100,14.00,100,14.20,200,14.27,700,14.34,200,14.44,100,14.57,200,14.65,2,14.70,700
2025-07-17T13:30:07.594797098Z,30189120,13.20,28,12.99,100,12.73,100,12.67,100,12.47,100,12.46,100,12.36,200,12.33,202,12.23,100,11.93,200,13.67,100,13.93,100,14.00,100,14.20,200,14.27,700,14.34,200,14.44,100,14.57,200,14.65,2,14.70,700
2025-07-17T13:30:07.663083798Z,30194197,13.20,28,12.99,100,12.73,100,12.67,100,12.47,100,12.46,100,12.36,200,12.33,202,12.23,100,11.93,200,13.67,100,13.93,100,14.00,100,14.20,200,14.27,700,14.34,200,14.44,100,14.46,700,14.57,200,14.65,2
2025-07-17T13:30:07.663798482Z,30194234,13.20,28,12.99,100,12.73,100,12.67,100,12.47,100,12.46,100,12.36,200,12.33,202,12.23,100,11.93,200,13.67,100,13.93,100,14.00,100,14.20,200,14.27,700,14.34,200,14.44,100,14.46,700,14.57,200,14.65,2
2025-07-17T13:30:07.914271879Z,30213834,13.20,28,12.99,100,12.73,100,12.67,100,12.47,100,12.46,100,12.36,200,12.33,202,12.23,100,11.93,200,13.67,100,13.93,100,14.00,100,14.20,200,14.27,700,14.34,200,14.44,100,14.46,700,14.57,200,14.65,2
2025-07-17T13:30:07.914949951Z,30213941,13.20,28,12.99,100,12.73,100,12.67,100,12.47,100,12.46,100,12.36,200,12.33,202,12.23,100,11.93,200,13.67,100,13.93,100,14.00,100,14.20,200,14.27,700,14.34,200,14.44,100,14.46,700,14.57,200,14.65,2
2025-07-17T13:30:08.025660842Z,30224657,13.20,28,12.99,100,12.73,100,12.67,100,12.47,100,12.46,100,12.36,200,12.33,202,12.23,100,12.02,700,13.67,100,13.93,100,14.00,100,14.20,200,14.27,700,14.34,200,14.44,100,14.46,700,14.57,200,14.65,2
2025-07-17T13:30:08.025673570Z,30224658,13.20,28,12.99,100,12.73,100,12.67,100,12.47,100,12.46,100,12.36,200,12.33,202,12.23,100,12.02,700,13.67,100,13.93,100,14.00,100,14.20,200,14.27,700,14.34,200,14.44,100,14.46,700,14.57,200,14.65,2
2025-07-17T13:30:08.114272470Z,30233944,13.20,28,12.99,100,12.73,100,12.67,100,12.47,100,12.46,100,12.36,200,12.33,202,12.26,700,12.23,100,13.67,100,13.93,100,14.00,100,14.20,200,14.27,700,14.34,200,14.44,100,14.46,700,14.57,200,14.65,2
2025-07-17T13:30:08.115068904Z,30234078,13.20,28,12.99,100,12.73,100,12.67,100,12.47,100,12.46,100,12.36,200,12.33,202,12.26,700,12.23,100,13.67,100,13.93,100,14.00,100,14.20,200,14.27,700,14.34,200,14.44,100,14.46,700,14.57,200,14.65,2
2025-07-17T13:30:08.394373251Z,30258008,13.25,11,13.20,28,12.99,100,12.73,100,12.67,100,12.47,100,12.46,100,12.36,200,12.33,202,12.26,700,13.67,100,13.93,100,14.00,100,14.20,200,14.27,700,14.34,200,14.44,100,14.46,700,14.57,200,14.65,2
2025-07-17T13:30:08.402012613Z,30259240,13.25,11,12.99,100,12.73,100,12.67,100,12.47,100,12.46,100,12.36,200,12.33,202,12.26,700,12.23,100,13.67,100,13.93,100,14.00,100,14.20,200,14.27,700,14.34,200,14.44,100,14.46,700,14.57,200,14.65,2
2025-07-17T13:30:08.512579639Z,30276907,13.25,11,12.99,100,12.73,100,12.67,100,12.47,100,12.46,100,12.36,200,12.33,202,12.26,700,12.23,100,13.67,100,13.93,100,14.00,100,14.20,200,14.26,700,14.27,700,14.34,200,14.44,100,14.46,700,14.57,200
2025-07-17T13:30:08.512974877Z,30276990,13.25,11,12.99,100,12.73,100,12.67,100,12.47,100,12.46,100,12.36,200,12.33,202,12.26,700,12.23,100,13.67,100,13.93,100,14.00,100,14.20,200,14.26,700,14.27,700,14.34,200,14.44,100,14.46,700,14.57,200
2025-07-17T13:30:09.128991840Z,30336805,13.25,11,12.99,100,12.73,100,12.67,100,12.47,100,12.46,100,12.36,200,12.33,202,12.26,700,12.23,100,13.67,100,13.93,100,14.00,100,14.20,200,14.26,700,14.27,700,14.34,200,14.44,100,14.46,700,14.57,200
2025-07-17T13:30:09.129006013Z,30336807,13.25,11,12.99,100,12.73,100,12.67,100,12.47,100,12.46,100,12.36,200,12.33,202,12.26,700,12.23,100,13.67,100,13.93,100,14.00,100,14.20,200,14.26,700,14.27,700,14.34,200,14.44,100,14.46,700,14.57,200
2025-07-17T13:30:09.329050977Z,30353905,13.25,11,12.99,100,12.73,100,12.67,100,12.47,100,12.46,100,12.36,200,12.33,202,12.26,700,12.23,100,13.67,100,13.93,100,14.00,100,14.20,200,14.26,700,14.27,700,14.34,200,14.44,100,14.46,700,14.57,200
2025-07-17T13:30:09.329118219Z,30353910,13.25,11,12.99,100,12.73,100,12.67,100,12.47,100,12.46,100,12.36,200,12.33,202,12.26,700,12.23,100,13.67,100,13.93,100,14.00,100,14.20,200,14.26,700,14.27,700,14.34,200,14.44,100,14.46,700,14.57,200
2025-07-17T13:30:10.081175039Z,30441651,13.25,11,12.99,100,12.73,100,12.67,100,12.47,100,12.46,100,12.36,200,12.33,202,12.26,700,12.23,100,13.40,10,13.67,100,13.93,100,14.00,100,14.20,200,14.26,700,14.27,700,14.34,200,14.44,100,14.46,700
2025-07-17T13:30:10.082150107Z,30441855,13.25,11,12.99,100,12.73,100,12.67,100,12.47,100,12.46,100,12.36,200,12.33,202,12.26,700,12.23,100,13.40,10,13.67,100,13.93,100,14.00,100,14.20,200,14.26,700,14.27,700,14.34,200,14.44,100,14.46,700
2025-07-17T13:30:10.082150107Z,30441855,13.25,11,12.99,100,12.73,100,12.67,100,12.47,100,12.46,100,12.36,200,12.33,202,12.26,700,12.23,100,13.40,10,13.67,100,13.93,100,14.00,100,14.20,200,14.26,700,14.27,700,14.29,100,14.34,200,14.44,100
2025-07-17T13:30:10.082662762Z,30441930,13.25,11,12.99,100,12.73,100,12.67,100,12.47,100,12.46,100,12.36,200,12.33,202,12.26,700,12.23,100,13.40,10,13.67,100,13.93,100,14.00,100,14.20,200,14.26,700,14.27,700,14.29,100,14.34,200,14.44,100
2025-07-17T13:30:10.082662762Z,30441930,13.25,11,12.99,100,12.73,100,12.67,100,12.47,100,12.46,100,12.36,200,12.33,202,12.26,700,12.23,100,13.40,10,13.67,100,13.93,100,14.00,100,14.20,200,14.26,700,14.27,700,14.29,200,14.34,200,14.44,100
2025-07-17T13:30:10.084896414Z,30442720,13.25,11,12.99,100,12.73,100,12.67,100,12.47,100,12.46,100,12.42,700,12.36,200,12.33,202,12.26,700,13.40,10,13.67,100,13.93,100,14.00,100,14.20,200,14.26,700,14.27,700,14.29,200,14.34,200,14.44,100
2025-07-17T13:30:10.085332605Z,30442750,13.25,11,12.99,100,12.73,100,12.67,100,12.47,100,12.46,100,12.42,700,12.36,200,12.33,202,12.26,700,13.40,10,13.67,100,13.93,100,14.00,100,14.20,200,14.26,700,14.27,700,14.29,200,14.34,200,14.44,100
2025-07-17T13:30:12.194582572Z,30681385,13.25,11,12.99,100,12.73,100,12.67,100,12.47,100,12.46,100,12.42,700,12.36,200,12.33,202,12.26,700,13.40,10,13.67,100,13.93,100,14.00,100,14.20,200,14.26,700,14.27,700,14.29,200,14.34,200,14.44,100
2025-07-17T13:30:12.194582572Z,30681385,13.25,11,12.99,100,12.73,100,12.67,100,12.47,100,12.46,100,12.42,700,12.36,200,12.33,202,12.26,700,13.40,10,13.67,100,13.93,100,14.00,100,14.20,200,14.26,700,14.27,700,14.29,200,14.34,200,14.43,2
2025-07-17T13:30:14.128932140Z,30851531,13.25,11,12.99,100,12.73,100,12.67,100,12.47,100,12.46,100,12.42,700,12.37,700,12.36,200,12.33,202,13.40,10,13.67,100,13.93,100,14.00,100,14.20,200,14.26,700,14.27,700,14.29,200,14.34,200,14.43,2
2025-07-17T13:30:14.129008546Z,30851532,13.25,11,12.99,100,12.73,100,12.67,100,12.47,100,12.46,100,12.42,700,12.37,700,12.36,200,12.33,202,13.40,10,13.67,100,13.93,100,14.00,100,14.20,200,14.26,700,14.27,700,14.29,200,14.34,200,14.43,2
2025-07-17T13:30:23.695564208Z,31649134,13.25,11,12.99,100,12.73,100,12.67,100,12.47,100,12.46,100,12.42,700,12.37,700,12.36,200,12.33,202,13.40,22,13.67,100,13.93,100,14.00,100,14.20,200,14.26,700,14.27,700,14.29,200,14.34,200,14.43,2
2025-07-17T13:30:25.512069243Z,31806233,13.25,11,12.99,100,12.73,100,12.67,100,12.47,100,12.46,100,12.42,700,12.37,700,12.36,200,12.33,202,13.40,12,13.67,100,13.93,100,14.00,100,14.20,200,14.26,700,14.27,700,14.29,200,14.34,200,14.43,2
2025-07-17T13:30:26.553160650Z,31897785,13.25,11,12.99,100,12.73,100,12.67,100,12.47,100,12.46,100,12.42,700,12.37,700,12.36,200,12.33,202,13.40,22,13.67,100,13.93,100,14.00,100,14.20,200,14.26,700,14.27,700,14.29,200,14.34,200,14.43,2
2025-07-17T13:30:35.240400172Z,32725426,13.25,11,12.99,100,12.73,100,12.67,100,12.47,100,12.46,100,12.42,700,12.37,700,12.36,200,12.33,202,13.40,12,13.67,100,13.93,100,14.00,100,14.20,200,14.26,700,14.27,700,14.29,200,14.34,200,14.43,2
2025-07-17T13:30:43.952999157Z,33659635,13.25,11,12.99,100,12.73,100,12.67,100,12.47,100,12.46,100,12.42,700,12.37,700,12.36,200,12.33,202,13.67,100,13.93,100,14.00,100,14.20,200,14.26,700,14.27,700,14.29,200,14.34,200,14.43,2,14.44,100
2025-07-17T13:30:43.953363128Z,33659657,13.25,11,12.99,100,12.73,100,12.67,100,12.47,100,12.46,100,12.42,700,12.37,700,12.36,200,12.33,202,13.40,24,13.67,100,13.93,100,14.00,100,14.20,200,14.26,700,14.27,700,14.29,200,14.34,200,14.43,2
2025-07-17T13:30:47.814108950Z,34075767,13.25,11,12.99,100,12.73,100,12.67,100,12.47,100,12.46,100,12.42,700,12.37,700,12.36,200,12.33,202,13.40,34,13.67,100,13.93,100,14.00,100,14.20,200,14.26,700,14.27,700,14.29,200,14.34,200,14.43,2
2025-07-17T13:30:48.271611303Z,34129837,13.25,11,12.99,100,12.73,100,12.67,100,12.47,100,12.46,100,12.42,700,12.37,700,12.36,200,12.33,202,13.40,24,13.67,100,13.93,100,14.00,100,14.20,200,14.26,700,14.27,700,14.29,200,14.34,200,14.43,2
2025-07-17T13:30:56.518283181Z,34951153,13.25,11,12.99,100,12.73,100,12.67,100,12.47,100,12.46,100,12.42,700,12.37,700,12.36,200,12.33,202,13.40,34,13.67,100,13.93,100,14.00,100,14.20,200,14.26,700,14.27,700,14.29,200,14.34,200,14.43,2
2025-07-17T13:31:01.011743292Z,35180694,13.25,11,12.99,100,12.73,100,12.67,100,12.47,100,12.46,100,12.42,700,12.37,700,12.36,200,12.33,202,13.40,34,13.67,100,13.93,100,14.00,100,14.20,900,14.26,700,14.27,700,14.29,200,14.34,200,14.43,2
2025-07-17T13:31:01.028848502Z,35188622,13.25,11,12.99,100,12.73,100,12.67,100,12.47,100,12.46,100,12.43,700,12.42,700,12.37,700,12.36,200,13.40,34,13.67,100,13.93,100,14.00,100,14.20,900,14.26,700,14.27,700,14.29,200,14.34,200,14.43,2
2025-07-17T13:31:01.131557345Z,35203355,13.25,11,12.99,100,12.73,100,12.67,100,12.47,100,12.46,100,12.43,700,12.42,700,12.37,700,12.36,200,13.40,24,13.67,100,13.93,100,14.00,100,14.20,900,14.26,700,14.27,700,14.29,200,14.34,200,14.43,2
2025-07-17T13:31:08.376321454Z,35703639,13.25,11,12.99,100,12.73,100,12.67,100,12.47,100,12.46,100,12.43,700,12.42,700,12.37,700,12.36,200,13.67,100,13.93,100,14.00,100,14.20,900,14.26,700,14.27,700,14.29,200,14.34,200,14.43,2,14.44,100
2025-07-17T13:31:08.376692815Z,35703653,13.25,11,12.99,100,12.73,100,12.67,100,12.47,100,12.46,100,12.43,700,12.42,700,12.37,700,12.36,200,13.40,18,13.67,100,13.93,100,14.00,100,14.20,900,14.26,700,14.27,700,14.29,200,14.34,200,14.43,2
2025-07-17T13:31:08.377022927Z,35703666,13.25,11,12.99,100,12.73,100,12.67,100,12.47,100,12.46,100,12.43,700,12.42,700,12.37,700,12.36,200,13.40,18,13.67,100,13.93,100,14.00,100,14.20,900,14.26,700,14.27,700,14.29,100,14.34,200,14.43,2
2025-07-17T13:31:08.377022927Z,35703666,13.25,11,12.99,100,12.73,100,12.67,100,12.47,100,12.46,100,12.43,700,12.42,700,12.37,700,12.36,200,13.40,18,13.67,100,13.93,100,14.00,100,14.20,900,14.26,700,14.27,700,14.29,100,14.34,200,14.43,2
2025-07-17T13:31:09.399928944Z,35758774,13.25,11,12.99,100,12.73,100,12.67,100,12.47,100,12.46,100,12.43,700,12.42,700,12.37,700,12.36,200,13.40,18,13.67,100,13.93,100,14.00,100,14.20,900,14.26,700,14.27,700,14.29,100,14.34,200,14.43,2
2025-07-17T13:31:09.399928944Z,35758774,13.25,11,12.99,100,12.73,100,12.67,100,12.47,100,12.46,100,12.43,700,12.42,700,12.37,700,12.36,200,13.40,18,13.67,100,13.93,100,14.00,100,14.20,900,14.26,700,14.27,700,14.29,200,14.34,200,14.43,2
2025-07-17T13:31:16.538876621Z,36186495,13.25,11,12.99,100,12.73,100,12.67,100,12.47,100,12.46,100,12.43,700,12.42,700,12.37,700,12.36,200,13.40,28,13.67,100,13.93,100,14.00,100,14.20,900,14.26,700,14.27,700,14.29,200,14.34,200,14.43,2
2025-07-17T13:31:17.448559991Z,36232894,13.25,11,12.99,100,12.73,100,12.67,100,12.47,100,12.46,100,12.43,700,12.42,700,12.37,700,12.36,200,13.40,18,13.67,100,13.93,100,14.00,100,14.20,900,14.26,700,14.27,700,14.29,200,14.34,200,14.43,2
2025-07-17T13:31:34.835937627Z,37177882,13.25,11,12.99,100,12.73,100,12.67,100,12.47,100,12.46,100,12.43,700,12.42,700,12.37,700,12.36,200,13.67,100,13.93,100,14.00,100,14.20,900,14.26,700,14.27,700,14.29,200,14.34,200,14.43,2,14.44,100
2025-07-17T13:31:34.836694504Z,37177896,13.25,11,12.99,100,12.73,100,12.67,100,12.47,100,12.46,100,12.43,700,12.42,700,12.37,700,12.36,200,13.67,100,13.93,100,14.00,100,14.20,900,14.26,700,14.27,700,14.29,100,14.34,200,14.43,2,14.44,100
2025-07-17T13:31:34.836694504Z,37177896,13.25,11,12.99,100,12.73,100,12.67,100,12.47,100,12.46,100,12.43,700,12.42,700,12.37,700,12.36,200,13.67,100,13.93,100,14.00,100,14.20,900,14.26,700,14.27,700,14.29,100,14.34,200,14.43,2,14.44,100
2025-07-17T13:31:34.837099615Z,37177905,13.25,11,12.99,100,12.73,100,12.67,100,12.47,100,12.46,100,12.43,700,12.42,700,12.37,700,12.36,200,13.67,100,13.93,100,14.00,100,14.20,900,14.26,700,14.27,700,14.34,200,14.43,2,14.44,100,14.46,700
2025-07-17T13:31:34.837099615Z,37177905,13.25,11,12.99,100,12.73,100,12.67,100,12.47,100,12.46,100,12.43,700,12.42,700,12.37,700,12.36,200,13.67,100,13.93,100,14.00,100,14.20,900,14.26,700,14.27,700,14.34,200,14.43,2,14.44,100,14.46,700
2025-07-17T13:35:00.187526221Z,45447658,13.25,11,12.99,100,12.73,100,12.67,100,12.47,100,12.46,100,12.43,700,12.42,700,12.37,700,12.36,200,13.67,100,13.93,100,14.00,100,14.20,900,14.26,700,14.27,700,14.34,200,14.43,2,14.44,100,14.46,700
2025-07-17T13:35:00.187526221Z,45447658,13.25,11,12.99,100,12.88,2,12.73,100,12.67,100,12.47,100,12.46,100,12.43,700,12.42,700,12.37,700,13.67,100,13.93,100,14.00,100,14.20,900,14.26,700,14.27,700,14.34,200,14.43,2,14.44,100,14.46,700
2025-07-17T13:35:00.187528642Z,45447661,13.25,11,12.99,100,12.88,2,12.73,100,12.67,100,12.47,100,12.46,100,12.43,700,12.42,700,12.37,700,13.67,100,13.93,100,14.00,100,14.20,900,14.26,700,14.27,700,14.34,200,14.44,100,14.46,700,14.56,200
2025-07-17T13:35:00.187528642Z,45447661,13.25,11,12.99,100,12.88,2,12.73,100,12.67,100,12.47,100,12.46,100,12.43,700,12.42,700,12.37,700,13.67,100,13.78,2,13.93,100,14.00,100,14.20,900,14.26,700,14.27,700,14.34,200,14.44,100,14.46,700
2025-07-17T13:37:31.076154614Z,51978366,13.25,11,12.99,100,12.88,2,12.73,100,12.67,100,12.47,100,12.46,100,12.43,700,12.42,700,12.37,700,13.67,100,13.78,2,13.93,100,14.00,100,14.20,900,14.26,700,14.27,700,14.34,200,14.44,100,14.46,700
2025-07-17T13:37:31.076154614Z,51978366,13.25,11,12.99,100,12.88,2,12.73,100,12.67,100,12.47,100,12.46,100,12.43,700,12.42,700,12.37,700,13.67,100,13.78,2,13.93,100,14.00,100,14.20,900,14.26,700,14.27,700,14.29,100,14.34,200,14.44,100
2025-07-17T13:37:31.076330756Z,51978372,13.25,11,12.99,100,12.88,2,12.73,100,12.67,100,12.47,100,12.46,100,12.43,700,12.42,700,12.37,700,13.67,100,13.78,2,13.93,100,14.00,100,14.20,900,14.26,700,14.27,700,14.29,100,14.34,200,14.44,100
2025-07-17T13:37:31.076330756Z,51978372,13.25,11,12.99,100,12.88,2,12.73,100,12.67,100,12.47,100,12.46,100,12.43,700,12.42,700,12.37,700,13.67,100,13.78,2,13.93,100,14.00,100,14.20,900,14.26,700,14.27,700,14.29,200,14.34,200,14.44,100
2025-07-17T13:38:08.679744459Z,53264917,13.25,11,12.99,100,12.88,2,12.73,100,12.67,100,12.47,100,12.46,100,12.43,700,12.42,700,12.37,700,13.67,100,13.78,2,13.93,100,14.00,100,14.20,900,14.26,700,14.27,700,14.29,100,14.34,200,14.44,100
2025-07-17T13:38:08.679744459Z,53264917,13.25,11,12.99,100,12.88,2,12.73,100,12.67,100,12.47,100,12.46,100,12.43,700,12.42,700,12.37,700,13.67,100,13.78,2,13.93,100,14.00,100,14.20,900,14.26,700,14.27,700,14.29,100,14.34,200,14.44,100
2025-07-17T13:38:08.679752190Z,53264918,13.25,11,12.99,100,12.88,2,12.73,100,12.67,100,12.47,100,12.46,100,12.43,700,12.42,700,12.37,700,13.67,100,13.78,2,13.93,100,14.00,100,14.20,900,14.26,700,14.27,700,14.34,200,14.44,100,14.46,700
2025-07-17T13:38:08.679752190Z,53264918,13.25,11,12.99,100,12.88,2,12.73,100,12.67,100,12.47,100,12.46,100,12.43,700,12.42,700,12.37,700,13.67,100,13.78,2,13.93,100,14.00,100,14.20,900,14.26,700,14.27,700,14.34,200,14.44,100,14.46,700
2025-07-17T13:38:09.686863512Z,53302839,13.25,11,12.99,100,12.88,2,12.73,100,12.67,100,12.47,100,12.46,100,12.43,700,12.42,700,12.37,700,13.67,100,13.78,2,13.93,100,14.00,100,14.20,900,14.26,700,14.27,700,14.34,200,14.44,100,14.46,700
2025-07-17T13:38:09.686863512Z,53302839,13.25,11,12.99,100,12.88,2,12.73,100,12.67,100,12.47,100,12.46,100,12.43,700,12.42,700,12.37,700,13.67,100,13.78,2,13.93,100,14.00,100,14.20,900,14.26,700,14.27,700,14.29,100,14.34,200,14.44,100
2025-07-17T13:38:09.708029202Z,53303094,13.25,11,12.99,100,12.88,2,12.73,100,12.67,100,12.47,100,12.46,100,12.43,700,12.42,700,12.37,700,13.67,100,13.78,2,13.93,100,14.00,100,14.20,900,14.26,700,14.27,700,14.29,100,14.34,200,14.44,100
2025-07-17T13:38:09.708029202Z,53303094,13.25,11,12.99,100,12.88,2,12.73,100,12.67,100,12.47,100,12.46,100,12.43,700,12.42,700,12.37,700,13.67,100,13.78,2,13.93,100,14.00,100,14.20,900,14.26,700,14.27,700,14.29,200,14.34,200,14.44,100
2025-07-17T13:38:44.678957477Z,54485050,13.25,11,12.99,100,12.88,2,12.73,100,12.67,100,12.47,100,12.46,100,12.43,700,12.42,700,12.37,700,13.40,15,13.67,100,13.78,2,13.93,100,14.00,100,14.20,900,14.26,700,14.27,700,14.29,200,14.34,200
2025-07-17T13:38:44.679278833Z,54485052,13.25,11,12.99,100,12.88,2,12.73,100,12.67,100,12.47,100,12.46,100,12.43,700,12.42,700,12.37,700,13.40,15,13.67,100,13.78,2,13.93,100,14.00,100,14.20,900,14.26,700,14.27,700,14.29,100,14.34,200
2025-07-17T13:38:44.679278833Z,54485052,13.25,11,12.99,100,12.88,2,12.73,100,12.67,100,12.47,100,12.46,100,12.43,700,12.42,700,12.37,700,13.40,15,13.67,100,13.78,2,13.93,100,14.00,100,14.20,900,14.26,700,14.27,700,14.29,100,14.34,200
2025-07-17T13:38:45.695265148Z,54508575,13.25,11,12.99,100,12.88,2,12.73,100,12.67,100,12.47,100,12.46,100,12.43,700,12.42,700,12.37,700,13.40,15,13.67,100,13.78,2,13.93,100,14.00,100,14.20,900,14.26,700,14.27,700,14.29,100,14.34,200
2025-07-17T13:38:45.695265148Z,54508575,13.25,11,12.99,100,12.88,2,12.73,100,12.67,100,12.47,100,12.46,100,12.43,700,12.42,700,12.37,700,13.40,15,13.67,100,13.78,2,13.93,100,14.00,100,14.20,900,14.26,700,14.27,700,14.29,200,14.34,200
2025-07-17T13:39:08.713907562Z,55204868,13.25,11,12.99,100,12.88,2,12.73,100,12.67,100,12.47,100,12.46,100,12.43,700,12.42,700,12.37,700,13.67,100,13.78,2,13.93,100,14.00,100,14.20,900,14.26,700,14.27,700,14.29,200,14.34,200,14.44,100
2025-07-17T13:39:08.714284059Z,55204884,13.25,11,12.99,100,12.88,2,12.73,100,12.67,100,12.47,100,12.46,100,12.43,700,12.42,700,12.37,700,13.40,24,13.67,100,13.78,2,13.93,100,14.00,100,14.20,900,14.26,700,14.27,700,14.29,200,14.34,200
2025-07-17T13:39:39.996436857Z,56150102,13.25,11,12.99,100,12.88,2,12.73,100,12.67,100,12.47,100,12.46,100,12.43,700,12.42,700,12.37,700,13.40,23,13.67,100,13.78,2,13.93,100,14.00,100,14.20,900,14.26,700,14.27,700,14.29,200,14.34,200
2025-07-17T13:39:39.996833282Z,56150114,13.25,11,12.99,100,12.88,2,12.73,100,12.67,100,12.47,100,12.46,100,12.43,700,12.42,700,12.37,700,13.67,100,13.78,2,13.93,100,14.00,100,14.20,900,14.26,700,14.27,700,14.29,200,14.34,200,14.44,100
2025-07-17T13:39:39.997144158Z,56150130,13.25,11,12.99,100,12.88,2,12.73,100,12.67,100,12.47,100,12.46,100,12.43,700,12.42,700,12.37,700,13.67,100,13.78,2,13.93,100,14.00,100,14.20,900,14.26,700,14.27,700,14.29,100,14.34,200,14.44,100
2025-07-17T13:39:39.997144158Z,56150130,13.25,11,12.99,100,12.88,2,12.73,100,12.67,100,12.47,100,12.46,100,12.43,700,12.42,700,12.37,700,13.67,100,13.78,2,13.93,100,14.00,100,14.20,900,14.26,700,14.27,700,14.29,100,14.34,200,14.44,100
2025-07-17T13:39:39.997211562Z,56150131,13.25,11,12.99,100,12.88,2,12.73,100,12.67,100,12.47,100,12.46,100,12.43,700,12.42,700,12.37,700,13.40,24,13.67,100,13.78,2,13.93,100,14.00,100,14.20,900,14.26,700,14.27,700,14.29,100,14.34,200
2025-07-17T13:39:41.018783466Z,56183429,13.25,11,12.99,100,12.88,2,12.73,100,12.67,100,12.47,100,12.46,100,12.43,700,12.42,700,12.37,700,13.40,24,13.67,100,13.78,2,13.93,100,14.00,100,14.20,900,14.26,700,14.27,700,14.29,100,14.34,200
2025-07-17T13:39:41.018783466Z,56183429,13.25,11,12.99,100,12.88,2,12.73,100,12.67,100,12.47,100,12.46,100,12.43,700,12.42,700,12.37,700,13.40,24,13.67,100,13.78,2,13.93,100,14.00,100,14.20,900,14.26,700,14.27,700,14.29,100,14.30,100
2025-07-17T13:40:08.782383621Z,57235944,13.25,11,12.99,100,12.88,2,12.73,100,12.67,100,12.47,100,12.46,100,12.43,700,12.42,700,12.37,700,13.67,100,13.78,2,13.93,100,14.00,100,14.20,900,14.26,700,14.27,700,14.29,100,14.30,100,14.34,200
2025-07-17T13:40:08.782758499Z,57235956,13.25,11,12.99,100,12.88,2,12.73,100,12.67,100,12.47,100,12.46,100,12.43,700,12.42,700,12.37,700,13.40,18,13.67,100,13.78,2,13.93,100,14.00,100,14.20,900,14.26,700,14.27,700,14.29,100,14.30,100
2025-07-17T13:41:08.818711250Z,59313726,13.25,11,12.99,100,12.88,2,12.73,100,12.67,100,12.47,100,12.46,100,12.43,700,12.42,700,12.37,700,13.67,100,13.78,2,13.93,100,14.00,100,14.20,900,14.26,700,14.27,700,14.29,100,14.30,100,14.34,200
2025-07-17T13:41:08.819083504Z,59313736,13.25,11,12.99,100,12.88,2,12.73,100,12.67,100,12.47,100,12.46,100,12.43,700,12.42,700,12.37,700,13.40,24,13.67,100,13.78,2,13.93,100,14.00,100,14.20,900,14.26,700,14.27,700,14.29,100,14.30,100
2025-07-17T13:41:08.819104931Z,59313739,13.25,11,12.99,100,12.88,2,12.73,100,12.67,100,12.47,100,12.46,100,12.43,700,12.42,700,12.37,700,13.40,24,13.67,100,13.78,2,13.93,100,14.00,100,14.20,900,14.26,700,14.27,700,14.29,100,14.34,200
